% Encoding: UTF-8

@Article{gibbs_softwares_1994,
  author       = {Gibbs, Wayt W.},
  date         = {1994-09},
  journaltitle = {Scientific American},
  title        = {Software's Chronic Crisis},
  pages        = {86--100},
  owner        = {Geraldo Xexéo},
  timestamp    = {2021-06-29},
}

@Article{carr_does_2005,
  author       = {Carr, Nicholas G.},
  date         = {2005-01-22},
  journaltitle = {The New York Times},
  title        = {Does Not Compute},
  issn         = {0362-4331},
  url          = {http://www.nytimes.com/2005/01/22/opinion/does-not-compute.html},
  urldate      = {2017-03-04},
  file         = {New York Times Snapshot:F\:\\ZoteroDataFiles\\storage\\BUIR89ZI\\does-not-compute.html:text/html},
  keywords     = {{COMPUTERS} {AND} {THE} {INTERNET}, {COMPUTER} {SOFTWARE}, {FEDERAL} {BUREAU} {OF} {INVESTIGATION}, {FINANCES}, {TERRORISM}},
  owner        = {Geraldo Xexéo},
  timestamp    = {2021-06-29},
}

@Article{verhoef_rise_2009,
  author       = {Verhoef, Chris and Eveleens, J. Laurenz},
  date         = {2009},
  journaltitle = {{IEEE} Software},
  title        = {The Rise and Fall of the Chaos Report Figures},
  issn         = {0740-7459},
  number       = {1},
  pages        = {30--36},
  volume       = {27},
  file         = {Snapshot:F\:\\ZoteroDataFiles\\storage\\65WW3K3U\\mso2010010030-abs.html:text/html},
  keywords     = {chaos report, forecasting, project success, software, Software Engineering, standish group},
  owner        = {Geraldo Xexéo},
  timestamp    = {2021-06-29},
}

@Article{therac25,
  author       = {Nancy G. Levenson and Clark S. Turner},
  date         = {1993-07},
  journaltitle = {Computer},
  title        = {An Investigation of the Therac-25 Accidentes},
  number       = {7},
  pages        = {18-41},
  volume       = {26},
  owner        = {Geraldo Xexéo},
  timestamp    = {2021-06-29},
}

@Article{Dijkstra:1972:HP:355604.361591,
  author       = {Dijkstra, Edsger W.},
  date         = {1972-10},
  journaltitle = {Commun. ACM},
  title        = {The Humble Programmer},
  doi          = {10.1145/355604.361591},
  issn         = {0001-0782},
  number       = {10},
  pages        = {859--866},
  url          = {http://doi.acm.org/10.1145/355604.361591},
  volume       = {15},
  acmid        = {361591},
  issue_date   = {Oct. 1972},
  location     = {New York, NY, USA},
  numpages     = {8},
  owner        = {Geraldo Xexéo},
  publisher    = {ACM},
  timestamp    = {2021-06-29},
}

@Article{Reichhardt2000,
  author       = {Tony Reichhardt},
  date         = {2000-03},
  journaltitle = {Nature},
  title        = {Software error `caused Mars lander crash'},
  doi          = {10.1038/35006700},
  number       = {6777},
  pages        = {423--423},
  volume       = {404},
  owner        = {Geraldo Xexéo},
  publisher    = {Springer Science and Business Media {LLC}},
  timestamp    = {2021-06-29},
}

@Article{mitchell_toward_1997,
  author       = {Mitchell, Ronald K. and Agle, Bradley R. and Wood, Donna J.},
  date         = {1997},
  journaltitle = {The Academy of Management Review},
  title        = {Toward a Theory of Stakeholder Identification and Salience: Defining the Principle of Who and What Really Counts},
  doi          = {10.2307/259247},
  issn         = {0363-7425},
  number       = {4},
  pages        = {853--886},
  url          = {\url{http://www.jstor.org/stable/259247}},
  urldate      = {2017-01-15},
  volume       = {22},
  owner        = {Geraldo Xexéo},
  shortjournal = {The Academy of Management Review},
  shorttitle   = {Toward a Theory of Stakeholder Identification and Salience},
  timestamp    = {2021-06-29},
}

@Book{laudon:2011,
  author    = {Laudon, Kenneth and Laudon, Jane},
  date      = {2011},
  title     = {Sistemas de Informação Gerencias},
  edition   = {$9^a$~edição},
  location  = {São Paulo},
  publisher = {Pearson},
  groups    = {Sistemas de Informação},
  owner     = {Geraldo Xexéo},
  timestamp = {2021-06-29},
}

@Book{sommerville:software:2015,
  author    = {Sommerville, Ian},
  date      = {2015-04-03},
  title     = {Software Engineering},
  edition   = {10 edition},
  isbn      = {978-0-13-394303-0},
  location  = {Boston},
  pagetotal = {816},
  publisher = {Pearson},
  owner     = {Geraldo Xexéo},
  timestamp = {2021-06-29},
}

@Book{jacobson_essentials_2019,
  author     = {Jacobson, Ivar and Lawson, Harold "Bud" and Ng, Pan-Wei},
  date       = {2019-07-19},
  title      = {The Essentials of Modern Software Engineering: Free the Practices from the Method Prisons!},
  isbn       = {978-1-947487-24-6},
  pagetotal  = {400},
  publisher  = {{ACM} Books},
  owner      = {Geraldo Xexéo},
  shorttitle = {The Essentials of Modern Software Engineering},
  timestamp  = {2021-06-29},
}

@Book{conklin_dialogue_2005,
  author     = {Conklin, Jeff},
  date       = {2005-11-18},
  title      = {Dialogue Mapping: Building Shared Understanding of Wicked Problems},
  edition    = {1 edition},
  isbn       = {978-0-470-01768-5},
  location   = {Chichester, England ; Hoboken, {NJ}},
  pagetotal  = {266},
  publisher  = {Wiley},
  owner      = {Geraldo Xexéo},
  shorttitle = {Dialogue Mapping},
  timestamp  = {2021-06-29},
}

@Book{bkcase_editorial_board_guide_2016,
  author    = {{BKCASE Editorial Board}},
  date      = {2016},
  title     = {The Guide to the Systems Engineering Body of Knowledge ({SEBoK}) v.1.7},
  editor    = {{R.D. Adcock (EIC)}},
  location  = {Hoboken, {NJ}},
  publisher = {The Trustees of the Stevens Institute of Technology},
  url       = {www.sebokwiki.org},
  urldate   = {2017-03-03},
  owner     = {Geraldo Xexéo},
  timestamp = {2021-06-29},
}

@Book{jacobson_essence_2013,
  author     = {Jacobson, Ivar and Ng, Pan-Wei and {McMahon}, Paul E. and Spence, Ian and Lidman, Svante},
  date       = {2013-01-26},
  title      = {The Essence of Software Engineering: Applying the {SEMAT} Kernel},
  edition    = {1 edition},
  isbn       = {978-0-321-88595-1},
  location   = {Upper Saddle River, {NJ}},
  pagetotal  = {352},
  publisher  = {Addison-Wesley Professional},
  owner      = {Geraldo Xexéo},
  shorttitle = {The Essence of Software Engineering},
  timestamp  = {2021-06-29},
}

@Book{defeo_jurans_2010,
  author     = {Defeo, Joseph and Juran, J.M.},
  date       = {2010-06-09},
  title      = {Juran's Quality Handbook: The Complete Guide to Performance Excellence 6/e},
  edition    = {6 edition},
  isbn       = {978-0-07-162973-7},
  location   = {New York},
  pagetotal  = {1136},
  publisher  = {{McGraw}-Hill Education},
  owner      = {Geraldo Xexéo},
  shorttitle = {Juran's Quality Handbook},
  timestamp  = {2021-06-29},
}

@Book{cmmi_product_team_cmmi_2010,
  author      = {{CMMI Product Team}},
  date        = {2010-11},
  title       = {{CMMI} for Development, Version 1.3 Improving processes for developing better products and services},
  number      = {{CMU}/{SEI}-2010-{TR}-033},
  url         = {\url{http://cmmiinstitute.com/system/files/models/CMMI_for_Development_v1.3.pdf}},
  institution = {Software Engineering Process Management Program},
  owner       = {Geraldo Xexéo},
  timestamp   = {2021-06-29},
}

@Book{naur:randell:1968,
  date        = {1969-01},
  title       = {Software Engineering},
  editor      = {Peter Naur and Brian Randell},
  subtitle    = {Report on a conference sponsored by the NATO SCIENCE COMMITTEEGarmisch, Germany, 7th to 11th October 1968},
  editors     = {Peter Naur and Brian Randell},
  institution = {Scientific Affairs Division, NATO},
  owner       = {Geraldo Xexéo},
  timestamp   = {2021-06-29},
  type        = {Report},
}

@Misc{gartner1,
  author    = {Gartner Group},
  date      = {2014-03-21},
  title     = {Gartner Says Worldwide Software Market Grew 4.8 Percent in 2013},
  url       = {\url{http://www.gartner.com/newsroom/id/2696317}},
  owner     = {Geraldo Xexéo},
  timestamp = {2021-06-29},
  year      = {2014},
}

@Misc{guam:crash,
  author       = {Steve Bellovin},
  date         = {1997-08-11},
  editor       = {Peter G. Neumann},
  title        = {Software error may have contributed to Guam crash},
  organization = {The RISKS Digest Forum on Risks to the Public in Computers and Related Systems ACM Committee on Computers and Public Policy},
  url          = {\url{http://catless.ncl.ac.uk/Risks/19/29#subj1}},
  urldate      = {2019-12-20},
  owner        = {Geraldo Xexéo},
  timestamp    = {2021-06-29},
  year         = {1997},
}

@Misc{cali:crash,
  author       = {Peter Ladkin},
  date         = {1996-05-07},
  editor       = {Peter G. Neumann},
  title        = {The Cali and Puerto Plata B757 Crashes},
  note         = {Volume 18 Issue 10},
  organization = {The RISKS Digest Forum on Risks to the Public in Computers and Related Systems ACM Committee on Computers and Public Policy},
  url          = {\url{http://catless.ncl.ac.uk/Risks/18/10#subj1}},
  urldate      = {2019-12-20},
  owner        = {Geraldo Xexéo},
  timestamp    = {2021-06-29},
  year         = {1996},
}

@Online{johnson_curiosity_2012,
  author     = {Johnson, Phil},
  date       = {2012-08-08},
  title      = {Curiosity about lines of code},
  url        = {http://www.itworld.com/article/2725085/big-data/curiosity-about-lines-of-code.html},
  titleaddon = {{ITworld}},
  urldate    = {2017-03-04},
  file       = {Snapshot:F\:\\ZoteroDataFiles\\storage\\8J8VQT46\\curiosity-about-lines-of-code.html:text/html},
  owner      = {Geraldo Xexéo},
  timestamp  = {2021-06-29},
}

@Online{folha_online_volkswagen_2006,
  author     = {{Folha Online}},
  date       = {2006-05-29},
  title      = {Volkswagen anuncia recall de 123 mil veÃ­culos Gol, Fox e Kombi},
  url        = {http://www1.folha.uol.com.br/folha/dinheiro/ult91u108087.shtml},
  titleaddon = {Folha Online - Dinheiro},
  urldate    = {2017-03-03},
  file       = {Folha Online - Dinheiro - Volkswagen anuncia recall de 123 mil veÃ­culos Gol, Fox e Kombi - 29/05/2006:F\:\\ZoteroDataFiles\\storage\\4JA8Q395\\ult91u108087.html:text/html},
  owner      = {Geraldo Xexéo},
  timestamp  = {2021-06-29},
}

@Online{niquete_softword:_2006,
  author    = {Niquete, Paul},
  date      = {2006},
  title     = {Softword: Provenance for the Word 'Software'},
  url       = {http://niquette.com/books/softword/tocsoft.html},
  urldate   = {2017-02-02},
  file      = {:F\:\\ZoteroDataFiles\\storage\\NF2MF3E2\\part5.html:text/html},
  owner     = {Geraldo Xexéo},
  timestamp = {2021-06-29},
}

@Online{chaos:2015:interview,
  author    = {Shane Hastie and Stéphane Wojewoda},
  date      = {2015-10-04},
  title     = {Standish Group 2015 Chaos Report - Q\&A with Jennifer Lynch},
  url       = {https://www.infoq.com/articles/standish-chaos-2015/},
  urldate   = {2019-12-15},
  owner     = {Geraldo Xexéo},
  timestamp = {2021-06-29},
  year      = {2015},
}

@Online{semat:UG,
  author    = {{SEMAT Inc.}},
  date      = {2019},
  title     = {ESSENCE User Guide},
  url       = {\url{http://semat.org/essence-user-guide}},
  urldate   = {2019-12-20},
  owner     = {Geraldo Xexéo},
  timestamp = {2021-06-29},
}

@Report{lions_ariane_1996,
  author      = {J. L. Lions},
  date        = {1996-07-19},
  institution = {European Space Agency},
  title       = {{ARIANE} 5 Flight 501 Failure Report by the Inquiry Board},
  type        = {Report},
  location    = {Paris},
  owner       = {Geraldo Xexéo},
  timestamp   = {2021-06-29},
  year        = {1996},
}

@Report{noauthor_chaos_1994,
  author      = {{The Standish Group}},
  date        = {1994},
  institution = {The Standish Group},
  title       = {The Chaos Report 1994},
  type        = {Report},
  owner       = {Geraldo Xexéo},
  timestamp   = {2021-06-29},
}

@Report{semat:1p2,
  author      = {OMG},
  date        = {2018},
  institution = {Object Management Group},
  title       = {Essence – Kernel and Language for Software Engineering Methods: Version 1.2},
  type        = {specification},
  url         = {\url{https://www.omg.org/spec/Essence/}},
  day         = {2},
  month       = {10},
  owner       = {Geraldo Xexéo},
  publisher   = {Object Management Group, Inc.},
  timestamp   = {2021-06-29},
  year        = {2018},
}


@Report{ieee:610,
    author={IEEE},
    title={IEEE Standard Glossary of Software Engineering Terminology},
    shorttitle = {IEEE Std 610.12-1990},
    year={1990},
    type={Standard},
    volume={},
    number={IEEE Std 610.12-1990},
    pages={1-84},
    doi={10.1109/IEEESTD.1990.101064}
}

@Report{krasner:2021,
  author      = {Krasner, Herb},
  date        = {2021-01-01},
  institution = {CISQ Consortium for Information \& Software Quality},
  title       = {The Cost of Poor Software Quality in the US: A 2020 Report},
  type        = {type},
  pagetotal   = {46},
  url         = {https://www.it-cisq.org/pdf/CPSQ-2020-report.pdf},
  urldate     = {2021-06-26},
  owner       = {Geraldo Xexéo},
  timestamp   = {2021-06-29},
}

@TechReport{mccall1977,
  author      = {McCall, J.A. and Richards, P. K. and Walters, G.F.},
  date        = {1977-11},
  institution = {General Electric},
  title       = {Factors in Software Quality: Concepts and Definitions of Sofware Quality},
  number      = {RADC-TR-77-369},
  url         = {\url{http://oai.dtic.mil/oai/oai?verb=getRecord&metadataPrefix=html&identifier=ADA049055}},
  owner       = {Geraldo Xexéo},
  timestamp   = {2021-06-29},
  volume      = {1},
}

@TechReport{semat:24q,
  author      = {Ivar Jacobson and Paul E. McMahon and Roland Racko},
  date        = {2015},
  institution = {Ivar Jacobson International},
  title       = {24 Questions SEMAT and Essence: The Why’s, What’s and How’s to See the Difference},
  owner       = {Geraldo Xexéo},
  timestamp   = {2021-06-29},
}

@Article{garvin_what_1984,
  author       = {Garvin, David A.},
  date         = {1984},
  journaltitle = {{MIT} Sloan Management Review},
  title        = {What Does Product Quality Really Mean?},
  url          = {http://sloanreview.mit.edu/article/what-does-product-quality-really-mean/},
  urldate      = {2017-03-06},
  owner        = {Geraldo Xexéo},
  timestamp    = {2021-06-29},
}

@Article{tukey_teaching_1958,
  author       = {Tukey, John W.},
  date         = {1958},
  journaltitle = {The American Mathematical Monthly},
  title        = {The Teaching of Concrete Mathematics},
  doi          = {10.2307/2310294},
  issn         = {0002-9890},
  number       = {1},
  pages        = {1--9},
  url          = {www.jstor.org/stable/2310294},
  urldate      = {2019-12-20},
  volume       = {65},
  journal      = {The American Mathematical Monthly},
  owner        = {Geraldo Xexéo},
  timestamp    = {2021-06-29},
}

@Article{jones:2005,
  author       = {Caper Jones},
  date         = {2005-04},
  journaltitle = {Crosstalk The Journal of Defense Software Engineering},
  title        = {Software Cost Estimating Methods for Large Projects},
  issue        = {April 2005},
  note         = {Disponível via WayBack Machine},
  url          = {http://www.stsc.hill.af.mil/crosstalk/2005/04/0504Jones.html},
  owner        = {Geraldo Xexéo},
  timestamp    = {2021-06-29},
}

@Article{dikw:ackoff89,
  author       = {Ackoff, R L},
  date         = {1989},
  journaltitle = {Journal of Applied Systems Analysis},
  title        = {From Data to Wisdom},
  pages        = {3-9},
  volume       = {16},
  keywords     = {dikw},
  owner        = {Geraldo Xexéo},
  timestamp    = {2021-06-29},
}

@Article{dikw:Rowley07,
  author       = {Rowley, Jennifer},
  date         = {2007},
  journaltitle = {Journal of Information Science},
  title        = {The wisdom hierarchy: representations of the DIKW hierarchy.},
  number       = {2},
  pages        = {163-180},
  volume       = {33},
  keywords     = {data dikw hierarchy information knowledge wisdom},
  owner        = {Geraldo Xexéo},
  timestamp    = {2021-06-29},
}

@Article{dikw:zins07,
  author       = {Zins, Chaim},
  date         = {2007-02},
  journaltitle = {J. Am. Soc. Inf. Sci. Technol.},
  title        = {Conceptual Approaches for Defining Data, Information, and Knowledge: Research Articles},
  issn         = {1532-2882},
  number       = {4},
  pages        = {479–493},
  volume       = {58},
  issue_date   = {February 2007},
  location     = {USA},
  numpages     = {15},
  owner        = {Geraldo Xexéo},
  publisher    = {John Wiley \& Sons, Inc.},
  timestamp    = {2021-06-29},
}

@Article{nonaka:1996,
  author       = {Ikujiro Nonaka and Hirotaka Takeuchi and Kashuhiro Umemoto},
  date         = {1996},
  journaltitle = {International Journal of Technology Management},
  title        = {A theory of organizational knowledge creation},
  number       = {7-8},
  pages        = {833–845},
  volume       = {11},
  location     = {Oxford},
  owner        = {Geraldo Xexéo},
  publisher    = {Oxford Univ. Press},
  timestamp    = {2021-06-29},
}

@Article{rowley:2006,
  author       = {Jennifer Rowley},
  date         = {2006},
  journaltitle = {Journal of Documentation},
  title        = {Where is the wisdom that we have lost in knowledge?},
  issue        = {2},
  pages        = {251-270},
  volume       = {62},
  owner        = {Geraldo Xexéo},
  timestamp    = {2021-06-29},
}

@Article{zachman:1992,
  author       = {J.F. Sowa and J.A. Zachman},
  date         = {1992},
  journaltitle = {IBM Systems Journal},
  title        = {Extending and Formalizing the Framework for Information Systems Arquitecture},
  number       = {3},
  pages        = {590},
  volume       = {31},
  owner        = {Geraldo Xexéo},
  timestamp    = {2021-06-29},
}

@Article{zachman:1987,
  author       = {J.A. Zachman},
  date         = {1987},
  journaltitle = {IBM Systems Journal},
  title        = {A Framework for Information Systems Architecture},
  number       = {3},
  pages        = {276},
  volume       = {26},
  owner        = {Geraldo Xexéo},
  timestamp    = {2021-06-29},
}

@Article{5w2h:origem:sloan,
  author       = {Michael C. Sloan},
  date         = {2010},
  journaltitle = {Classical Philology},
  title        = {Aristotle’s Nicomachean Ethics as the Original Locus for the Septem Circumstantiae},
  issn         = {0009837X, 1546072X},
  number       = {3},
  pages        = {236--251},
  url          = {http://www.jstor.org/stable/10.1086/656196},
  volume       = {105},
  owner        = {Geraldo Xexéo},
  publisher    = {The University of Chicago Press},
  timestamp    = {2021-06-29},
}

@Article{jacobson_use_2004,
  author       = {Jacobson, Ivar},
  date         = {2004-08-01},
  journaltitle = {Software \& Systems Modeling},
  title        = {Use cases – Yesterday, today, and tomorrow},
  doi          = {10.1007/s10270-004-0060-3},
  issn         = {1619-1374},
  number       = {3},
  pages        = {210--220},
  url          = {https://doi.org/10.1007/s10270-004-0060-3},
  volume       = {3},
  owner        = {Geraldo Xexéo},
  shortjournal = {Software \& Systems Modeling},
  timestamp    = {2021-06-29},
}

@Article{jacobson:1987,
  author       = {Jacobson, Ivar},
  date         = {1987-12},
  journaltitle = {SIGPLAN Not.},
  title        = {Object-Oriented Development in an Industrial Environment},
  doi          = {10.1145/38807.38824},
  issn         = {0362-1340},
  number       = {12},
  pages        = {183–191},
  url          = {https://doi.org/10.1145/38807.38824},
  volume       = {22},
  issue_date   = {December 1987},
  location     = {New York, NY, USA},
  numpages     = {9},
  owner        = {Geraldo Xexéo},
  publisher    = {Association for Computing Machinery},
  timestamp    = {2021-06-29},
}

@Article{Devlin1988,
  author       = {B. A. Devlin and P. T. Murphy},
  date         = {1988},
  journaltitle = {{IBM} Systems Journal},
  title        = {An architecture for a business and information system},
  doi          = {10.1147/sj.271.0060},
  number       = {1},
  pages        = {60--80},
  volume       = {27},
  owner        = {Geraldo Xexéo},
  publisher    = {{IBM}},
  timestamp    = {2021-06-29},
}

@Article{Codd1970,
  author       = {E. F. Codd},
  date         = {1970-06},
  journaltitle = {Communications of the {ACM}},
  title        = {A relational model of data for large shared data banks},
  doi          = {10.1145/362384.362685},
  number       = {6},
  pages        = {377--387},
  volume       = {13},
  owner        = {Geraldo Xexéo},
  publisher    = {Association for Computing Machinery ({ACM})},
  timestamp    = {2021-06-29},
}

@Article{panko:98,
  author       = {Raymond R. Panko},
  date         = {1998},
  journaltitle = {Journal of End User Computing's},
  title        = {What We Know About Spreadsheet Errors},
  issue        = {Spring 1998},
  note         = {Revised Mauy 2008},
  number       = {2},
  pages        = {15.21},
  url          = {\url{http://panko.shidler.hawaii.edu/SSR/Mypapers/whatknow.htm}},
  urldate      = {2019-11-04},
  volume       = {10},
  owner        = {Geraldo Xexéo},
  timestamp    = {2021-06-29},
}

@Article{limits:reason,
  author       = {Gregore Chaitin},
  date         = {2006-03},
  journaltitle = {Scientific American},
  title        = {The Limits of Reason},
  owner        = {Geraldo Xexéo},
  publisher    = {Scientific American Inc.},
  timestamp    = {2021-06-29},
}

@Article{sabre:history,
  author       = {Robert V. Head},
  date         = {2002-10},
  journaltitle = {IEEE Annals of the History of Computing},
  title        = {Getting Sabre off the Ground},
  doi          = {10.1109/MAHC.2002.1114868},
  issue        = {4},
  pages        = {32-39},
  volume       = {24},
  booktitle    = {IEEE Annals of the History of Computing},
  owner        = {Geraldo Xexéo},
  publisher    = {IEEE},
  timestamp    = {2021-06-29},
}

@Article{sabre:nyt,
  author       = {Jane L. Levere},
  date         = {2001-03-16},
  journaltitle = {The New York Times},
  title        = {TECHNOLOGY; Electronic Data Systems to Buy Sabre Airline Computer Unit},
  pages        = {Section C, Page 8},
  url          = {https://www.nytimes.com/2001/03/16/business/technology-electronic-data-systems-to-buy-sabre-airline-computer-unit.html},
  urldate      = {2020-02-02},
  owner        = {Geraldo Xexéo},
  timestamp    = {2021-06-29},
  year         = {2001},
}

@Article{Boehm:winwin:1988,
  author       = {B. W. {Boehm}},
  date         = {1988-05},
  journaltitle = {Computer},
  title        = {A spiral model of software development and enhancement},
  doi          = {10.1109/2.59},
  issn         = {1558-0814},
  number       = {5},
  pages        = {61-72},
  volume       = {21},
  keywords     = {software engineering;software development;enhancement;software process models;spiral model;risk-driven approach;Spirals;Programming;Military computing;Software prototyping;Testing;Application software;Productivity;Navigation;Prototypes},
  owner        = {Geraldo Xexéo},
  timestamp    = {2021-06-29},
}

@Article{ross:ligh:dark,
  author       = {Ronald G. Ross},
  date         = {2004-08},
  journaltitle = {Business Rules Journal},
  title        = {The Light World vs. the Dark World \textasciitilde Business Rules for Authorization},
  number       = {8},
  url          = {http://www.brcommunity.com/a2004/b201.html},
  urldate      = {2020-02-08},
  volume       = {5},
  owner        = {Geraldo Xexéo},
  timestamp    = {2021-06-29},
}

@Article{elements:value:harvard,
  author       = {Eric Almquist and John Senior and Nicolas Bloch},
  date         = {2016-09-01},
  journaltitle = {Harvard Business Review},
  title        = {The Elements of Value},
  pages        = {46-53},
  url          = {https://hbr.org/2016/09/the-elements-of-value},
  urldate      = {2020-02-09},
  owner        = {Geraldo Xexéo},
  timestamp    = {2021-06-29},
  year         = {2016},
}

@Article{elements:value:b2b,
  author       = {Eric Almquist and Jamie Cleghorn and Lori Sherer},
  date         = {2018},
  journaltitle = {Harvard Business Review},
  title        = {The B2B Elements of Value},
  pages        = {72-81},
  url          = {https://hbr.org/2018/03/the-b2b-elements-of-value},
  urldate      = {2020-02-09},
  owner        = {Geraldo Xexéo},
  timestamp    = {2021-06-29},
}

@Article{Wiegers:quality:req,
  author       = {Wiegers, Karl},
  date         = {1999-05},
  journaltitle = {Software Development},
  title        = {Writing Quality Requirements},
  issn         = {1070-8588},
  number       = {5},
  pages        = {44–48},
  volume       = {7},
  issue_date   = {May 1999},
  location     = {USA},
  numpages     = {5},
  owner        = {Geraldo Xexéo},
  publisher    = {Miller Freeman, Inc.},
  timestamp    = {2021-06-29},
}

@Article{Savage:2020,
  author       = {Neil Savage},
  date         = {2020-06},
  journaltitle = {Communications of the ACM},
  title        = {An Animating Spirit},
  doi          = {10.1145/3392520},
  number       = {6},
  pages        = {10-12},
  volume       = {63},
  owner        = {Geraldo Xexéo},
  timestamp    = {2021-06-29},
}

@Article{Judas:2011,
  author       = {Paul A. Judas and Lorraine E. Prokop},
  date         = {2011-02-03},
  journaltitle = {Innovations in Systems and Software Engineering},
  title        = {A historical compilation of software metrics with applicabilityto NASA’s Orion spacecraft flight software sizing},
  doi          = {10.1007/s11334-011-0142-7},
  pages        = {Paul A. Judas · Lorraine E. Prokop},
  volume       = {7},
  owner        = {Geraldo Xexéo},
  timestamp    = {2021-06-29},
}

@Book{pressman:software:2014,
  author     = {Pressman, Roger S. and Maxim, Bruce},
  date       = {2014-01-23},
  title      = {Software Engineering: A Practitioner's Approach},
  edition    = {8 edition},
  isbn       = {978-0-07-802212-8},
  location   = {New York, {NY}},
  pagetotal  = {976},
  publisher  = {{McGraw}-Hill Education},
  owner      = {Geraldo Xexéo},
  shorttitle = {Software Engineering},
  timestamp  = {2021-06-29},
  year       = {2014},
}
{pressman2016engenharia,
%	author    = {Pressman, Roger and Maxim, Bruce},
%	title     = {Engenharia de Software},
%	year      = {2016},
%	date      = {2016},
%	edition   = {8},
%	publisher = {McGraw Hill Brasil},
%}

@Book{sommerville:requirements,
  author    = {Sommerville, Ian and Sawyer, Pete},
  date      = {1997},
  title     = {Requirements Engineering: A Good Practice Guide},
  edition   = {1st},
  isbn      = {0471974447},
  location  = {USA},
  publisher = {John Wiley \& Sons, Inc.},
  owner     = {Geraldo Xexéo},
  timestamp = {2021-06-29},
}

@Book{winters_software_2020,
  author     = {Winters, Titus and Manshreck, Tom and Wright, Hyrum},
  date       = {2020-04-07},
  title      = {Software Engineering at Google: Lessons Learned from Programming Over Time},
  edition    = {1 edition},
  isbn       = {978-1-4920-8279-8},
location = {Sebastopol, CA},
  pagetotal  = {500},
  publisher  = {O'Reilly Media},
  owner      = {Geraldo Xexéo},
  shorttitle = {Software Engineering at Google},
  timestamp  = {2021-06-29},
}

@Book{pmbok:6,
  author    = {PMI},
  date      = {2017},
  title     = {Um Guia do Conhecimento em Gerenciamento de Projetos (Guia PMBOK{\textregistered})},
  edition   = {Sexta Edição},
  isbn      = {9788502223745},
  location  = {Newtown Square, PA},
  publisher = {Project Management Institute},
  owner     = {Geraldo Xexéo},
  timestamp = {2021-06-29},
}

@Book{jones:2012:economics,
  author    = {Jones, C. and Bonsignour, O.},
  date      = {2012},
  title     = {The Economics of Software Quality},
  isbn      = {9780132582209},
  publisher = {Addison-Wesley},
  lccn      = {2011014858},
  owner     = {Geraldo Xexéo},
  timestamp = {2021-06-29},
}

@Book{bunge:ontology,
  author    = {Mario Bunge},
  date      = {1979},
  title     = {Treatise on Basic Philosophy - Ontology {II}: A World of Systems},
  isbn      = {978-90-277-0944-8},
  pagetotal = {314},
  publisher = {Springer Netherlands},
  series    = {Treatise on Basic Philosophy},
  volume    = {4},
  owner     = {Geraldo Xexéo},
  timestamp = {2021-06-29},
}

@Book{houaiss:dicionario:2003,
  author    = {Antônio Houaiss and Mauro Villar and Francisco Manoel de Mello Franco},
  date      = {2009},
  title     = {Dicionário Houaiss da língua portuguesa},
  isbn      = {978-972-759-664-5},
  publisher = {Objetiva},
  lccn      = {2001296572},
  owner     = {Geraldo Xexéo},
  timestamp = {2021-06-29},
}

@Book{PMC:Finochio,
  author    = {José {Finocchio Jr.}},
  date      = {2013},
  title     = {Project model Canvas},
  location  = {Rio de Janeiro},
  publisher = {Elsevier},
  owner     = {Geraldo Xexéo},
  timestamp = {2021-06-29},
}

@Book{osterwalder2010business,
  author    = {Osterwalder, A. and Pigneur, Y. and Clark, T.},
  date      = {2010},
  title     = {Business Model Generation: A Handbook for Visionaries, Game Changers, and Challengers},
  publisher = {Wiley},
  series    = {Strategyzer series},
  owner     = {Geraldo Xexéo},
  timestamp = {2021-06-29},
}

@Book{ruble_practical_1997,
  author    = {Ruble, David A.},
  date      = {1997},
  title     = {Practical Analysis \& Design for Client/Server and {GUI} Systems},
  location  = {Upper Saddle River},
  publisher = {Yourdon Press},
  owner     = {Geraldo Xexéo},
  timestamp = {2021-06-29},
}

@Book{nonaka:book:95,
  author    = {Nonaka, Ikujiro and Takeuchi, Hirotaka},
  date      = {1995},
  title     = {The Knowledge-Creating Company: How Japanese Companies Create the Dynamics of Innovation},
  location  = {New York},
  pages     = {xii, 284 p.},
  publisher = {Oxford University Press},
  added-at  = {2010-01-29T14:39:14.000+0100},
  booktitle = {The Knowledge-Creating Company: How Japanese Companies Create the Dynamics of Innovation},
  keywords  = {knowledge_management sota_h},
  owner     = {Geraldo Xexéo},
  timestamp = {2021-06-29},
}

@Book{smith:wealth,
  author    = {Adam Smith},
  date      = {2003},
  title     = {The Wealth of Nations},
  isbn      = {0553585975},
  note      = {texto original de 1854},
  publisher = {Bantam Classics},
  owner     = {Geraldo Xexéo},
  timestamp = {2021-06-29},
}

@Book{smith:riqueza,
  author    = {Adam Smith},
  date      = {1996},
  title     = {A Riqueza das Nações},
  location  = {São Paulo},
  note      = {texto original de 1776},
  publisher = {Editora Nova Cultural Ltda.},
  series    = {Os Economistas},
  subtitle  = {Investigação sobre sua natureza e suas causas},
  owner     = {Geraldo Xexéo},
  timestamp = {2021-06-29},
}

@Book{ricardo:economia,
  author    = {David Ricardo},
  date      = {1996},
  title     = {Princípios de Economia Política e Tributação},
  location  = {São Paulo},
  note      = {texto original de 1821},
  publisher = {Editora Nova Cultural Ltda.},
  series    = {Os Economistas},
  owner     = {Geraldo Xexéo},
  timestamp = {2021-06-29},
}

@Book{aurelio:dict,
  author    = {Aurélio Buarque de Holanda Ferreira},
  date      = {1986},
  title     = {Novo Dicionário da Língua Portuguesa},
  edition   = {2},
  publisher = {Nova Fronteira},
  owner     = {Geraldo Xexéo},
  timestamp = {2021-06-29},
}

@Book{thoreau:walden,
  author    = {Henry David Thoreau},
  date      = {2004},
  title     = {Walden or Life in the Woods},
  note      = {texto original de 1854},
  publisher = {Internet Bookmobile},
  owner     = {Geraldo Xexéo},
  timestamp = {2021-06-29},
}

@Book{kotler:marketing,
  author    = {Philip Kotler and Kevin Lana Keller},
  date      = {2012},
  title     = {Marketing Management},
  edition   = {14},
  location  = {Boston},
  publisher = {Prentice Hall},
  owner     = {Geraldo Xexéo},
  timestamp = {2021-06-29},
}

@Book{kotler:adm:mkt,
  author    = {Philip Kotler and Kevin Lana Keller},
  date      = {2013},
  title     = {Administração de Marketing},
  edition   = {14},
  location  = {São Paulo},
  publisher = {Pearson},
  owner     = {Geraldo Xexéo},
  timestamp = {2021-06-29},
}

@Book{kotler:armstrong,
  author    = {Philip Kotler and Gary Armstrong and Lloyd C. Harris and Nigel Piercy},
  date      = {2017},
  title     = {Principles of Marketing},
  edition   = {7th European Edition},
  publisher = {Pearspm},
  owner     = {Geraldo Xexéo},
  timestamp = {2021-06-29},
}

@Book{economia:breve,
  author    = {Paul Strathern},
  date      = {2003},
  title     = {Uma Breve História da Economia},
  publisher = {Zahar},
  owner     = {Geraldo Xexéo},
  timestamp = {2021-06-29},
}

@Book{cairncross1951introduction,
  author    = {Cairncross, A.},
  date      = {1951},
  title     = {Introduction to Economics},
  publisher = {Butterworth},
  owner     = {Geraldo Xexéo},
  timestamp = {2021-06-29},
}

@Book{econ:micro:stax,
  author    = {Steven A. Greenlaw and David Shapiro and Timothy Taylor},
  date      = {2017},
  title     = {Principles of Microeconomics fpr AP \textregistered Courses},
  edition   = {2},
  publisher = {OpenStax, Rice University},
  owner     = {Geraldo Xexéo},
  timestamp = {2021-06-29},
}

@Book{krugman:wells:micro,
  author    = {Paul Krugman and Robin Wells},
  date      = {2013},
  title     = {Microeconomics},
  edition   = {3},
  location  = {New York},
  publisher = {Worth Publishers},
  owner     = {Geraldo Xexéo},
  timestamp = {2021-06-29},
}

@Book{white2008bpmn,
  author    = {White, S.A. and Miers, D.},
  date      = {2008},
  title     = {BPMN Modeling and Reference Guide: Understanding and Using BPMN},
  isbn      = {9780977752720},
  publisher = {Future Strategies Incorporated},
  series    = {Business Process Management Process Modeling},
  lccn      = {2008932799},
  owner     = {Geraldo Xexéo},
  timestamp = {2021-06-29},
}

@Book{jacobson:1992,
  author    = {Jacobson, Ivar and Christerson, Magnus and Jonsson, Patrik and {\"O}vergaard, Gunnar},
  date      = {1992},
  title     = {Object-oriented software engineering: a use case driven approach},
  isbn      = {9780201544350},
  location  = {Reading},
  publisher = {Addison-Wesley},
  series    = {ACM Press Series},
  owner     = {Geraldo Xexéo},
  timestamp = {2021-06-29},
}

@Book{Cockburn2000,
  author    = {Cockburn, Alistair},
  date      = {2000-01},
  title     = {Writing Effective Use Cases},
  publisher = {{Addison-Wesley}},
  owner     = {Geraldo Xexéo},
  timestamp = {2021-06-29},
}

@Book{mike:agile:estimating,
  author    = {Mike Cohn},
  date      = {2005},
  title     = {Agile Estimating and Planning},
  publisher = {Prentice Hall},
  owner     = {Geraldo Xexéo},
  timestamp = {2021-06-29},
}

@Book{mike:user:stories,
  author    = {Cohn, Mike},
  date      = {2004},
  title     = {User Stories Applied: For Agile Software Development},
  isbn      = {0321205685},
  location  = {USA},
  publisher = {Addison Wesley Longman Publishing Co., Inc.},
  owner     = {Geraldo Xexéo},
  timestamp = {2021-06-29},
}

@Book{us:ideias:50,
  author    = {Gojko Adzic and David Evans},
  date      = {2014},
  title     = {Fifty Quick Ideas to Improve your User Stories},
  publisher = {Neuri Consulting},
  owner     = {Geraldo Xexéo},
  timestamp = {2021-06-29},
}

@Book{xp:kent:1st,
  author    = {Kent Beck},
  date      = {1999-09-29},
  title     = {eXtreme Programming eXplained: Embrace Change},
  edition   = {1},
  location  = {USA},
  publisher = {Addison-Wesley Longman Publishing Co., Inc.},
  day       = {29},
  owner     = {Geraldo Xexéo},
  timestamp = {2021-06-29},
}

@Book{us:mapping,
  author    = {Patton, Jeff and Economy, Peter},
  date      = {2014},
  title     = {User Story Mapping: Discover the Whole Story, Build the Right Product},
  edition   = {1st},
  isbn      = {1491904909},
  publisher = {O’Reilly Media, Inc.},
  owner     = {Geraldo Xexéo},
  timestamp = {2021-06-29},
  location = {Sebastopol, CA}
}

@Book{Boehm:cocomo2,
  author    = {Boehm, Barry W. and Clark and Horowitz and Brown and Reifer and Chulani and Madachy, Ray and Steece, Bert},
  date      = {2000},
  title     = {Software Cost Estimation with Cocomo II with Cdrom},
  edition   = {1st},
  isbn      = {0130266922},
  location  = {USA},
  publisher = {Prentice Hall PTR},
  owner     = {Geraldo Xexéo},
  timestamp = {2021-06-29},
}

@Book{estimation:practical,
  author    = {International Software Benchmarking Standards Group - ISBS},
  date      = {2010},
  title     = {Practical Software Project Estimation: A Toolkit for Estimating Software Development Effort \& Duration},
  editor    = {Peter Hill},
  publisher = {McGraw Hill},
  owner     = {Geraldo Xexéo},
  timestamp = {2021-06-29},
}

@Book{ifpug:guide:2012,
  author    = {IFPUG},
  date      = {2012},
  title     = {The IFPUG Guide to IT and Software Measurement},
  publisher = {Auerbach Publications},
  owner     = {Geraldo Xexéo},
  timestamp = {2021-06-29},
}

@Book{scrum:culture,
  author    = {Dominik Maximini},
  date      = {2018},
  title     = {The Scrum Culture},
  edition   = {2},
  publisher = {Springer},
  series    = {Management for Professionals},
  subtitle  = {Introducing Agile Methods in Organizations},
  owner     = {Geraldo Xexéo},
  timestamp = {2021-06-29},
}

@Book{estimation:dimitri,
  author    = {Dimitri Dimitrov},
  date      = {2020},
  title     = {Software Project Estimation},
  publisher = {Apress},
  subtitle  = {Intelligent Forecasting, Project Control, and Cliente Relationship Management},
  owner     = {Geraldo Xexéo},
  timestamp = {2021-06-29},
}

@Book{essential:scrum,
  author    = {Kenneth S. Rubin},
  date      = {2013},
  title     = {Essential Scrum: A Practical Guide to the Most Popular Agile Process},
  publisher = {Pearson Education},
  owner     = {Geraldo Xexéo},
  timestamp = {2021-06-29},
}

@Book{inmon:bdw:2005,
  author    = {William H. Inmon },
  date      = {2005},
  title     = {Building the Data Warehouse},
  edition   = {Fourth edition},
  isbn      = {978-0-7645-9944-6},
  publisher = {Wiley Publishing, Inc.},
  groups    = {Data Warehousing},
  owner     = {Geraldo Xexéo},
  timestamp = {2021-06-29},
}

@Book{RalphKimball2013,
  author    = {Ralph Kimball, Margy Ross},
  date      = {2013-07-12},
  title     = {The Data Warehouse Toolkit},
  isbn      = {1118530802},
  pagetotal = {608},
  publisher = {Wiley John + Sons},
  url       = {https://www.ebook.de/de/product/20197316/ralph_kimball_margy_ross_the_data_warehouse_toolkit.html},
  ean       = {9781118530801},
  owner     = {Geraldo Xexéo},
  timestamp = {2021-06-29},
  year      = {2013},
}

@Book{bd:cougo,
  author    = {Paulo Cougo},
  date      = {1999},
  title     = {Modelagem Conceitual e Projeto de Banco de Dados},
  location  = {Rio de Janeiro},
  publisher = {Campus},
  owner     = {Geraldo Xexéo},
  timestamp = {2021-06-29},
}

@Book{chen:1990,
  author    = {Chen, Peter},
  date      = {1990},
  title     = {Modelagem de Dados: A abordagem entidade-relacionamento para projeto lógico},
  location  = {São Paulo},
  publisher = {Makron Books},
  owner     = {Geraldo Xexéo},
  timestamp = {2021-06-29},
}

@Book{navathe:2016,
  author    = {Ramez Elmasri and Shamkant B. Navathe},
  date      = {2016},
  title     = {Fundamentals of Database Systems},
  edition   = {7th Edition},
  location  = {Boston},
  publisher = {Pearson},
  owner     = {Geraldo Xexéo},
  timestamp = {2021-06-29},
}

@Book{conceptual:database,
  author    = {C. Bertini and S. Ceri and Shamkant B. Navathe},
  date      = {1992},
  title     = {Conceptual Database Design},
  publisher = {The Benjamin/Cummings Publishing Company},
  local     = {Redwood, California},
  owner     = {Geraldo Xexéo},
  timestamp = {2021-06-29},
}

@Book{heuser2001,
  author    = {Heuser, Carlos A.},
  date      = {2001},
  title     = {Projeto de Banco de Dados},
  location  = {Porto Aleger},
  publisher = {Editora Sagra Luzzatto},
  series    = {Série Livros Didáticos: Instituto de Informática da {UFRGS}},
  volume    = {4},
  keywords  = {Banco de Dados},
  owner     = {Geraldo Xexéo},
  timestamp = {2021-06-29},
}

@Book{Celko:2005:JCSa,
  author    = {Joe Celko},
  date      = {2005},
  title     = {{Joe Celko}'s {SQL} for smarties: advanced {SQL} programming},
  edition   = {Third},
  isbn      = {0-12-369379-9 (paperback)},
  location  = {Los Altos, CA 94022, USA},
  pages     = {xxviii + 808},
  publisher = {Morgan Kaufmann Publishers},
  series    = {The Morgan Kaufmann series in data management systems},
  owner     = {Geraldo Xexéo},
  timestamp = {2021-06-29},
}

@Book{Date:2004:IDS,
  author          = {C. J. Date},
  date            = {2004},
  title           = {An introduction to database systems},
  edition         = {Eighth},
  isbn            = {0-321-19784-4},
  location        = {Boston, MA, USA},
  pages           = {xxvii + 983 + 22},
  publisher       = {Pearson\slash Addison Wesley},
  acknowledgement = {#ack-nhfb#},
  bibdate         = {Fri Nov 7 15:44:29 MST 2008},
  bibsource       = {http://www.math.utah.edu/pub/tex/bib/sqlbooks.bib; z3950.loc.gov:7090/Voyager},
  isbn-13         = {978-0-321-19784-9},
  lccn            = {QA76.9.D3 D3659 2003},
  owner           = {Geraldo Xexéo},
  subject         = {Database management},
  timestamp       = {2021-06-29},
}

@Book{Inmon:1992,
  author    = {Inmon, William H.},
  date      = {1992},
  title     = {{Building the Data Warehouse}},
  isbn      = {0-89435-404-3},
  location  = {Wellesley, MA, USA},
  publisher = {John Wiley \& Sons},
  added-at  = {2007-10-23T13:35:30.000+0200},
  biburl    = {https://www.bibsonomy.org/bibtex/2336dd5b598e8b8afe7af90a429033e04/tkirsten},
  interhash = {e6b4cedd8d329fbec71da6fc08eed18e},
  intrahash = {336dd5b598e8b8afe7af90a429033e04},
  keywords  = {imported},
  owner     = {Geraldo Xexéo},
  timestamp = {2021-06-29},
}

@Book{Linstedt:2015,
  author    = {Linstedt, Dan and Olschimke, Michael},
  date      = {2015},
  title     = {Building a Scalable Data Warehouse with Data Vault 2.0},
  edition   = {1st},
  isbn      = {0128025107, 9780128025109},
  location  = {San Francisco, CA, USA},
  publisher = {Morgan Kaufmann Publishers Inc.},
  owner     = {Geraldo Xexéo},
  timestamp = {2021-06-29},
}

@Book{kimball2008data,
  author    = {Kimball, Ralph and Ross, Margy and Thornthwaite, Warren and Mundy, Joy and Becker, Bob},
  date      = {2008},
  title     = {{The Data Warehouse Lifecycle Toolkit: Practical Techniques for Building Data Warehouse and Business Intelligence Systems}},
  edition   = {2nd},
  publisher = {Wiley},
  added-at  = {2009-08-12T18:50:29.000+0200},
  biburl    = {https://www.bibsonomy.org/bibtex/283badd603efaf0d67631ebcec6982c7b/mokukkon},
  interhash = {cd78c22fa47d8ec554a8c298217c398e},
  intrahash = {83badd603efaf0d67631ebcec6982c7b},
  keywords  = {KimballGroup datawarehouse dw imported},
  owner     = {Geraldo Xexéo},
  timestamp = {2021-06-29},
}

@Book{beam:2012,
  author    = {Lawrence Corr and Jim Stagnitto},
  date      = {2012},
  title     = {Agile Data Warhouse Design: Collaborative Dimensional Modeling from Whiteboard to Star Schema},
  location  = {Leeds, UK},
  maintitle = {Agile Data Warhouse Design},
  publisher = {Decision One Press},
  subtitle  = {Collaborative Dimensional Modeling from Whiteboard to Star Schema},
  owner     = {Geraldo Xexéo},
  timestamp = {2021-06-29},
}

@Book{uml:color,
  author    = {Coad, Peter and Luca, Jeff de and Lefebvre, Eric},
  date      = {1999},
  title     = {Java Modeling Color with Uml: Enterprise Components and Process with Cdrom},
  edition   = {1st},
  isbn      = {013011510X},
  location  = {USA},
  publisher = {Prentice Hall PTR},
  owner     = {Geraldo Xexéo},
  timestamp = {2021-06-29},
}

@Book{GST:revised,
  author    = {Ludwig von Bertalanffy},
  date      = {1969},
  title     = {General System Theory},
  edition   = {revised},
  publisher = {George Braziller, Inc},
  subtitle  = {Foundations Development Applications},
  local     = {New York},
  owner     = {Geraldo Xexéo},
  timestamp = {2021-06-29},
}

@Book{pm:a2z,
  author    = {Alan Wren},
  date      = {2003},
  title     = {Project Management A-Z},
  publisher = {Routledge},
  subtitle  = {A Compendium of Project Management Techniques and How to Use Them},
  owner     = {Geraldo Xexéo},
  timestamp = {2021-06-29},
}

@Book{ed:yourdon:just,
  author    = {Ed Yourdon},
  date      = {2006},
  title     = {Just Enough Structured Analysis},
  publisher = {Ed Yourdon},
  owner     = {Geraldo Xexéo},
  timestamp = {2021-06-29},
}

@Book{chiavenato:admin,
  author    = {Idalberto Chiavenato},
  date      = {2014},
  title     = {Introdução a Teoria Geral da Administração},
  edition   = {9},
  location  = {Barueri, SP},
  publisher = {Editora Manole},
  owner     = {Geraldo Xexéo},
  timestamp = {2021-06-29},
}

@Book{shannon:mtc,
  author    = {Claude E Shannon, Warren Weaver},
  date      = {1963},
  title     = {The Mathematical Theory of Communication},
  publisher = {University of Illinois Press},
  owner     = {Geraldo Xexéo},
  timestamp = {2021-06-29},
}

@Book{essential:palmer,
  author    = {McMenamin, Stephen M. and Palmer, John F.},
  date      = {1984},
  title     = {Essential Systems Analysis},
  isbn      = {0917072308},
  location  = {USA},
  publisher = {Yourdon Press},
  owner     = {Geraldo Xexéo},
  timestamp = {2021-06-29},
}

@Book{ross_business_1999,
  author    = {Ross, Ronald G.},
  date      = {1999},
  title     = {The Business Rule Book: Classifying, Defining and Modeling Rules},
  location  = {Boston, Massachusetts},
  publisher = {Database Research Group},
  volume    = {Second},
  owner     = {Geraldo Xexéo},
  timestamp = {2021-06-29},
}

@Book{ross1998business,
  author    = {Ross, R.G.},
  date      = {1998},
  title     = {Business Rule Concepts: The New Mechanics of Business Information Systems},
  isbn      = {9780941049047},
  publisher = {Business Rule Solutions},
  lccn      = {99183526},
  owner     = {Geraldo Xexéo},
  timestamp = {2021-06-29},
}

@Book{ross:building,
  author    = {Ronald G. Ross amd Gladys S. W. Lam},
  date      = {2015},
  title     = {Building Business Solutions: Business Analysis with Business Rules},
  edition   = {2},
  note      = {sponsored by IIBA: International Institute of Business Analysis},
  pages     = {304},
  publisher = {Business Rule Solutions LLC.},
  month     = {10},
  owner     = {Geraldo Xexéo},
  timestamp = {2021-06-29},
}

@Book{scrum:sbok:guide,
  author    = {Tridibesh Satpathy and others},
  date      = {2016},
  title     = {A Guide to the SCRUM BODY OF KNOWLEDGE (SBOK™ Guide)},
  edition   = {2016},
  publisher = {SCRUMStudy, VMEdu, Inc},
  subtitle  = {A Comprehensive Guide to Deliver Projects using Scrum},
  owner     = {Geraldo Xexéo},
  timestamp = {2021-06-29},
}

@Book{robertson_complete_1998,
  author    = {James Robertson and Suzzane Robertson},
  date      = {1998},
  title     = {Complete Systems Analysis},
  location  = {New York},
  publisher = {Dorser House},
  keywords  = {{ANALYSIS}},
  owner     = {Geraldo Xexéo},
  timestamp = {2021-06-29},
}

@Book{Robertson:Suzzane:James:,
  author    = {James Robertson and Suzzane Robertson},
  date      = {2006},
  title     = {Mastering the Requirements Process},
  edition   = {2},
  isbn      = {0321419499},
  publisher = {Addison-Wesley Professional},
  owner     = {Geraldo Xexéo},
  timestamp = {2021-06-29},
}

@Book{soft:req:RUP,
  author    = {Leffingwell, Dean and Widrig, Don},
  date      = {1999},
  title     = {Managing Software Requirements: A Unified Approach},
  isbn      = {0201615932},
  location  = {USA},
  publisher = {Addison-Wesley Longman Publishing Co., Inc.},
  owner     = {Geraldo Xexéo},
  timestamp = {2021-06-29},
}

@Book{babok,
  author    = {IIBA},
  date      = {2011},
  title     = {Um guia para o Corpo de Conhecimento de Análise de Negócios (Guia BABOK) Version 2.0},
  location  = {Ontário, Canadá},
  publisher = {International Institute of Business Analysis},
  owner     = {Geraldo Xexéo},
  timestamp = {2021-06-29},
}

@Book{brooks:mmm:original,
  author    = {Brooks, Frederick P.},
  date      = {1978},
  title     = {The Mythical Man-Month},
  edition   = {1},
  isbn      = {0201006502},
  location  = {USA},
  publisher = {Addison-Wesley Longman Publishing Co., Inc.},
  subtitle  = {Essays on Software Engineering},
  owner     = {Geraldo Xexéo},
  timestamp = {2021-06-29},
}

@Book{brooks:mmm:anniversary,
  author    = {Brooks, Frederick P.},
  date      = {1995},
  title     = {The Mythical Man-Month (Anniversary Ed.)},
  edition   = {2},
  isbn      = {0201835959},
  location  = {USA},
  publisher = {Addison-Wesley Longman Publishing Co., Inc.},
  subtitle  = {Essays on Software Engineering},
  owner     = {Geraldo Xexéo},
  timestamp = {2021-06-29},
}

@Book{kerzner:12ed,
  author    = {Harold Kerzner},
  date      = {2017},
  title     = {Project Management},
  edition   = {12},
  location  = {Hoboken, New Jersey},
  publisher = {John Wiley \& Sons},
  subtitle  = {A system approach to planning, scheduling and controlling},
  owner     = {Geraldo Xexéo},
  timestamp = {2021-06-29},
}

@Book{know:solutions,
  author    = {Olivier Serrat},
  date      = {2017},
  title     = {Knowledge Solutions: Tools, Methods, and Approaches to Drive Organizational Performance},
  isbn      = {978-981-10-0982-2, 978-981-10-0983-9},
  publisher = {Springer Singapore},
  owner     = {Geraldo Xexéo},
  timestamp = {2021-06-29},
}

@Book{101:solutions,
  author    = {Higgins, J.M.},
  date      = {1994},
  title     = {101 Creative Problem Solving Techniques: The Handbook of New Ideas for Business},
  isbn      = {9781883629007},
  publisher = {New Management Publishing Company},
  url       = {https://books.google.com.br/books?id=Q1\_9LcYV03kC},
  lccn      = {93087802},
  owner     = {Geraldo Xexéo},
  timestamp = {2021-06-29},
}

@Book{gane:sarson:ssa,
  author    = {Gane, Chris P. and Sarson, Trish},
  date      = {1979},
  title     = {Structured Systems Analysis: Tools and Techniques},
  edition   = {1},
  isbn      = {0138545472},
  publisher = {Prentice Hall Professional Technical Reference},
  owner     = {Geraldo Xexéo},
  timestamp = {2021-06-29},
}

@Book{qfd:franceschini,
  author    = {Franceschini, Fiorenzo},
  date      = {2016},
  title     = {Advanced Quality Function Deployment},
  isbn      = {9781420025439},
  pages     = {208},
  publisher = {CRC Press},
  lccn      = {2001048518},
  owner     = {Geraldo Xexéo},
  timestamp = {2021-06-29},
}

@Book{oceano:azul,
  author    = {Kim, W.C. and Mauborgne, R.},
  date      = {2005},
  title     = {A Estrat{\'e}gia Do Oceano Azul},
  isbn      = {9788535215243},
  publisher = {Elsevier},
  owner     = {Geraldo Xexéo},
  timestamp = {2021-06-29},
}

@Book{kotler:17ed,
  author    = {Philip Kotler and Gary Armstrong and Marc Oliver Opresnik},
  date      = {2018},
  title     = {Principles of Marketing},
  edition   = {17},
  location  = {Harlow, England},
  note      = {Global Edition},
  publisher = {Pearson},
  owner     = {Geraldo Xexéo},
  timestamp = {2021-06-29},
}

@Book{radical:proj:man,
  author    = {Rob Thomsett},
  date      = {2002},
  title     = {Radical Project Management},
  isbn      = {013458886X},
  publisher = {Prentice Hall PTR},
  owner     = {Geraldo Xexéo},
  timestamp = {2021-06-29},
}

@Book{one:minute:manager,
  author    = {Kenneth Blanchard and Spencer Johnson},
  date      = {1983},
  title     = {The One Minute Manager},
  edition   = {10th anniversary},
  publisher = {Berkley Trade},
  owner     = {Geraldo Xexéo},
  timestamp = {2021-06-29},
}

@Book{book:benchmarking,
  author    = {Tim Stapenhurst},
  date      = {2009},
  title     = {The Benchmarking Book},
  isbn      = {0750677775},
  publisher = {Butterworth},
  owner     = {Geraldo Xexéo},
  timestamp = {2021-06-29},
}

@Book{kendall:system:analysis:9ed,
  author    = {Kenneth E. Kendall and Julie E. Kendall},
  date      = {2013},
  title     = {Systems Analysis and Design},
  edition   = {9},
  publisher = {Pearson},
  owner     = {Geraldo Xexéo},
  timestamp = {2021-06-29},
}

@Book{gillenson:goldberg,
  author    = {Mark L. Gillenson and Robert Goldberg},
  date      = {1984},
  title     = {Strategic Planning, Systems Analysis, and Database Design: The Continuous Flow Approach},
  publisher = {John Wiley \& Sons},
  owner     = {Geraldo Xexéo},
  timestamp = {2021-06-29},
}

@Book{Wiegers:2013:SR,
  author    = {Karl E. Wiegers and Joy Beatty},
  date      = {2013},
  title     = {Software Requirements},
  edition   = {3},
  location  = {Redmond, WA, USA},
  publisher = {Microsoft Press},
  owner     = {Geraldo Xexéo},
  timestamp = {2021-06-29},
}

@Book{von_halle_business_2002,
  author    = {Von Halle, Barbara},
  date      = {2002},
  title     = {Business Rules Applied: Building Better Systems Using the Business Rule Approach},
  isbn      = {9780471412939},
  location  = {New York},
  publisher = {John Wiley \& Sons},
  keywords  = {{BUSINESS} {RULES}},
  lccn      = {2001046536},
  owner     = {Geraldo Xexéo},
  timestamp = {2021-06-29},
}

@Book{peopleware,
  author    = {DeMarco, Tom and Lister, Tim},
  date      = {2013},
  title     = {Peopleware: Productive Projects and Teams (3rd Edition)},
  edition   = {3rd},
  isbn      = {0321934113},
  publisher = {Addison-Wesley Professional},
  owner     = {Geraldo Xexéo},
  timestamp = {2021-06-29},
}

@Book{deathmarch,
  author    = {Yourdon, Edward and Becker, Paul D.},
  date      = {1997},
  title     = {Death March: The Complete Software Developer’s Guide to Surviving Mission Impossible Projects},
  isbn      = {0137483104},
  location  = {USA},
  publisher = {Prentice Hall PTR},
  owner     = {Geraldo Xexéo},
  timestamp = {2021-06-29},
}

@Book{decline:fall,
  author    = {Yourdon, Edward},
  date      = {1994},
  title     = {Decline and Fall of the American Programmer},
  edition   = {1st},
  isbn      = {013191958X},
  location  = {USA},
  publisher = {Prentice Hall PTR},
  owner     = {Geraldo Xexéo},
  timestamp = {2021-06-29},
}

@Book{Andersen:2009,
  author    = {Erling S Andersen and Kristoffer V Grude and Tor Haug},
  date      = {2009},
  title     = {Goal Directed Project Management: Effective techniques and strategies},
  edition   = {4},
  location  = {London},
  publisher = {Kogan Page},
  owner     = {Geraldo Xexéo},
  timestamp = {2021-06-29},
}

@Book{McConnell:1996,
  author    = {Steve McConnell},
  date      = {1996},
  title     = {Rapid Development: taming wild software schedules},
  location  = {Redmond, Washington},
  publisher = {Microsoft Press},
  owner     = {Geraldo Xexéo},
  timestamp = {2021-06-29},
}

@Collection{soft:value,
  date      = {2006},
  editor    = {Stefan Biffl and Aybüke Aurum and Barry Boehm and Hajab Erdogmus and P. Grünbacher},
  title     = {Value-Based Software Engineering},
  location  = {Berlin, Heidelberg},
  publisher = {Springer},
  owner     = {Geraldo Xexéo},
  timestamp = {2021-06-29},
}

@InBook{Boehm:winwin:2006,
  author    = {Boehm, Barry and Kitapci, Hasan},
  booktitle = {Rationale Management in Software Engineering},
  date      = {2006},
  title     = {The WinWin Approach: Using a Requirements Negotiation Tool for Rationale Capture and Use},
  doi       = {10.1007/978-3-540-30998-7_8},
  editor    = {Dutoit, Allen H.and McCall, Raymond and Mistr{\'i}k, Ivan and Paech, Barbara},
  isbn      = {978-3-540-30998-7},
  location  = {Berlin, Heidelberg},
  pages     = {173--190},
  publisher = {Springer Berlin Heidelberg},
  url       = {https://doi.org/10.1007/978-3-540-30998-7_8},
  owner     = {Geraldo Xexéo},
  timestamp = {2021-06-29},
}

@InBook{5why:Serrat2017,
  author    = {Serrat, Olivier},
  booktitle = {Knowledge Solutions: Tools, Methods, and Approaches to Drive Organizational Performance},
  date      = {2017},
  title     = {The Five Whys Technique},
  doi       = {10.1007/978-981-10-0983-9_32},
  isbn      = {978-981-10-0983-9},
  location  = {Singapore},
  pages     = {307--310},
  publisher = {Springer Singapore},
  url       = {https://doi.org/10.1007/978-981-10-0983-9_32},
  urldate   = {2020-02-10},
  abstract  = {When confronted with a problem, have you ever stopped and asked ``why'' five times? The Five Whys technique is a simple but powerful way to troubleshoot problems by exploring cause-and-effect relationships.},
  owner     = {Geraldo Xexéo},
  timestamp = {2021-06-29},
}

@InCollection{Scheel2015,
  author    = {Henrik von Scheel and Mark von Rosing and Marianne Fonseca and Maria Hove and Ulrik Foldager},
  booktitle = {The Complete Business Process Handbook},
  date      = {2015},
  title     = {Phase 1: Process Concept Evolution},
  doi       = {10.1016/b978-0-12-799959-3.00001-x},
  pages     = {1--9},
  publisher = {Elsevier},
  owner     = {Geraldo Xexéo},
  timestamp = {2021-06-29},
}

@InCollection{nonaka2001theory,
  author    = {Nonaka, Ikujiro and Toyama, Ryoko and Byosière, Philippe},
  booktitle = {Handbook of Organizational Learning and Knowledge},
  date      = {2001},
  title     = {A theory of organizational knowledge creation: understanding the dynamic process of creating knowledge},
  editor    = {M. Dierkes and A. B. Antal and J. Child and I. Nonaka},
  isbn      = {0-19-829583-9},
  location  = {Oxford, UK},
  pages     = {491–517},
  publisher = {Oxford Univ. Press},
  address   = {Oxford},
  owner     = {Geraldo Xexéo},
  timestamp = {2021-06-29},
}

@InCollection{valuation:soft,
  author    = {Hakan Erdogmus and John Favaro and Michael Halling},
  booktitle = {Value-Based Software Engineering},
  date      = {2006},
  title     = {Valuation of Software Initiatives Under Uncertainty: Concepts, Issues, and Techniques},
  editor    = {Stefan Biffl and Aybüke Aurum and Barry Boehm and Hajab Erdogmus and P. Grünbacher},
  location  = {Berlin, Heidelberg},
  publisher = {Springer},
  owner     = {Geraldo Xexéo},
  timestamp = {2021-06-29},
}

@InCollection{albrecht:pf:1979,
  author    = {Albrecht, A.J},
  booktitle = {Proc. {IBM} Aplic. Dev. Symposium},
  date      = {1979},
  title     = {Measuring Application Development Productivity},
  location  = {Monterey, {CA}},
  pages     = {89--92},
  owner     = {Geraldo Xexéo},
  timestamp = {2021-06-29},
}

@InCollection{sep-abstract-objects,
  author       = {Rosen, Gideon},
  booktitle    = {The Stanford Encyclopedia of Philosophy},
  date         = {2018},
  title        = {Abstract Objects},
  edition      = {Winter 2018},
  editor       = {Edward N. Zalta},
  publisher    = {Metaphysics Research Lab, Stanford University},
  howpublished = {\url{https://plato.stanford.edu/archives/win2018/entries/abstract-objects/}},
  owner        = {Geraldo Xexéo},
  timestamp    = {2021-06-29},
}

@InProceedings{beata:fp,
  author     = {Czarnacka-Chrobot, Beata},
  booktitle  = {The 11th International Conference on Software Engineering Research and Practice (SERP’12), The 2012 World Congress in Computer Science, Computer Engineering \& Applied Computing (WORLDCOMP’12)},
  date       = {2012-07},
  title      = {What Is the Cost of One IFPUG Method Function Point? – Case Study},
  eventtitle = {The 11th International Conference on Software Engineering Research and Practice (SERP’12), The 2012 World Congress in Computer Science, Computer Engineering \& Applied Computing (WORLDCOMP’12),},
  location   = {Las Vegas, Nevada, USA},
  publisher  = {CSREA Press},
  owner      = {Geraldo Xexéo},
  timestamp  = {2021-06-29},
}

@InProceedings{int:surv:formal,
  author    = {Craigen, Dan and Gerhart, Susan and Ralston, Ted},
  booktitle = {Z User Workshop, London 1992},
  date      = {1993},
  title     = {An International Survey of Industrial Applications of Formal Methods},
  editor    = {Bowen, J. P. and Nicholls, J. E.},
  location  = {London},
  pages     = {1--5},
  publisher = {Springer London},
  owner     = {Geraldo Xexéo},
  timestamp = {2021-06-29},
}

@Misc{statista:market2019,
  author    = {Statista},
  date      = {2019-08-12},
  title     = {The 100 largest companies in the world by market value in 2019 (in billion U.S. dollars)},
  url       = {https://www.statista.com/statistics/263264/top-companies-in-the-world-by-market-value/},
  owner     = {Geraldo Xexéo},
  timestamp = {2021-06-29},
  year      = {2019},
}

@Misc{DESCOBRIR,
  author    = {ASD},
  date      = {3000},
  title     = {Referência a ser encontrada},
  owner     = {Geraldo Xexéo},
  timestamp = {2021-06-29},
}

@Misc{forbes:ERP2012,
  author       = {Louis Columbus},
  date         = {2014},
  title        = {Gartner's ERP Market Share Update Shows The Future Of Cloud ERP Is Now},
  howpublished = {\url{https://www.forbes.com/sites/louiscolumbus/2014/05/12/gartners-erp-market-share-update-shows-the-future-of-cloud-erp-is-now/}},
  note         = {Accessed: 2019-10-15},
  notes        = {url},
  owner        = {Geraldo Xexéo},
  timestamp    = {2021-06-29},
}

@Misc{oracle:sakila:lic,
  author       = {{Oracle Corporation}},
  date         = {2019},
  title        = {License for the Sakila Sample Database},
  howpublished = {\url{https://dev.mysql.com/doc/sakila/en/sakila-license.html}},
  note         = {Accessed: 2019-10-23},
  notes        = {url},
  owner        = {Geraldo Xexéo},
  timestamp    = {2021-06-29},
}

@Misc{oracle:sakila,
  author       = {{Oracle Corporation}},
  date         = {2019},
  title        = {Sakila Sample Database},
  howpublished = {\url{https://dev.mysql.com/doc/sakila/en/}},
  note         = {Accessed: 2019-10-23},
  notes        = {url},
  owner        = {Geraldo Xexéo},
  timestamp    = {2021-06-29},
}

@Misc{bsd:newlic,
  author       = {{Open Source Initiative}},
  date         = {1990},
  title        = {The 2-Clause BSD License},
  howpublished = {\url{https://opensource.org/licenses/bsd-license.php}},
  note         = {Accessed: 2019-10-23},
  notes        = {url},
  owner        = {Geraldo Xexéo},
  timestamp    = {2021-06-29},
}

@Misc{mywind,
  author       = {Dale Scott},
  date         = {2016},
  title        = {MySQL version of Northwind demo database},
  howpublished = {\url{https://github.com/dalers/mywind}},
  note         = {Accessed: 2019-10-23},
  notes        = {url},
  owner        = {Geraldo Xexéo},
  timestamp    = {2021-06-29},
}

@Misc{dw:short:hist,
  author       = {Shannon Kempe and Paul Williams},
  date         = {2012-08},
  title        = {A Short History of Data Warehousing},
  howpublished = {\url{https://www.dataversity.net/a-short-history-of-data-warehousing}},
  note         = {Acessado em 25/10/2019},
  url          = {https://www.dataversity.net/a-short-history-of-data-warehousing/},
  owner        = {Geraldo Xexéo},
  timestamp    = {2021-06-29},
}

@Misc{enem:1998,
  author       = {Instituto Nacional de Estudos e Pesquisas Educacionais Anísio Teixeira INEP},
  date         = {2016-09-05},
  title        = {Microdados do Exame Nacional do Ensino Médio - Enem 1998},
  howpublished = {\url{http://portal.inep.gov.br/basica-levantamentos-acessar}},
  note         = {Acessado em 25-10-2109},
  organization = {Instituto Nacional de Estudos e Pesquisas Educacionais Anísio Teixeira - INEP},
  url          = {\url{ ftp://ftp.inep.gov.br/microdados/micro_enem1998.zip}},
  urldate      = {2019-10-26},
  owner        = {Geraldo Xexéo},
  timestamp    = {2021-06-29},
  year         = {2016},
}

@Misc{excel,
  author       = {Microsoft},
  date         = {2019-10-27},
  title        = {Microsoft Excel 365},
  howpublished = {[Computer Software]},
  organization = {M},
  owner        = {Geraldo Xexéo},
  timestamp    = {2021-06-29},
  year         = {2019},
}

@Misc{FIXIT,
  author    = {FIXIT},
  date      = {2019},
  title     = {Fix this citation as soon as possibel},
  owner     = {Geraldo Xexéo},
  timestamp = {2021-06-29},
}

@Misc{sox02,
  author       = {{United States Code}},
  date         = {2002-07},
  title        = {Sarbanes-Oxley Act of 2002, PL 107-204, 116 Stat 745},
  howpublished = {Codified in Sections 11, 15, 18, 28, and 29 USC},
  added-at     = {2009-01-14T00:43:43.000+0100},
  biburl       = {https://www.bibsonomy.org/bibtex/21f18ad23845c0489c3002d950d8c2a27/dret},
  description  = {dret'd bibliography},
  interhash    = {e4b0ec656041a521ba7544d78c87a20e},
  intrahash    = {1f18ad23845c0489c3002d950d8c2a27},
  keywords     = {imported},
  owner        = {Geraldo Xexéo},
  timestamp    = {2021-06-29},
  uri          = {http://files.findlaw.com/news.findlaw.com/cnn/docs/gwbush/sarbanesoxley072302.pdf},
}

@Misc{ross_developing_2003,
  author      = {Ronald G. Ross and Gladys S. W. Lam},
  date        = {2003},
  title       = {Developing the Business Model: The Steps of Business Rules Methodology},
  institution = {Business Rule Solutions},
  owner       = {Geraldo Xexéo},
  timestamp   = {2021-06-29},
}

@Online{design:contract,
  author    = {Venners, B.},
  date      = {2003-12-08},
  title     = {Design by Contract: A Conversation with Bertrand Meyer},
  url       = {www.artima.com/intv/contracts.html},
  day       = {8},
  owner     = {Geraldo Xexéo},
  publisher = {Artima Developer},
  timestamp = {2021-06-29},
}

@Online{amer:herit,
  author    = {{American Heritage}},
  date      = {2019},
  title     = {The American Heritage Dictionary of the English Language},
  url       = {https://www.ahdictionary.com/},
  urldate   = {2019-12-25},
  owner     = {Geraldo Xexéo},
  publisher = {Houghton Mifflin Harcourt},
  timestamp = {2021-06-29},
}

@Online{event:def,
  author       = {{Software AG}},
  date         = {2019},
  title        = {Event},
  url          = {https://www.ariscommunity.com/help/aris-express/35908},
  note         = {acessado em 2019-11-01},
  organization = {Aris Community by Software AG},
  titleaddon   = {Help \textgreater ARIS Express \textgreater Glossary \textgreater Event},
  urldate      = {2019-11-01},
  owner        = {Geraldo Xexéo},
  timestamp    = {2021-06-29},
}

@Online{rule:def,
  author       = {{Software AG}},
  date         = {2019},
  title        = {Rule},
  url          = {https://www.ariscommunity.com/help/aris-express/35909},
  note         = {acessado em 1/11/2019},
  organization = {Softwre AG},
  subtitle     = {Help > ARIS Express > Glossary > Rule},
  titleaddon   = {Help > ARIS Express > Glossary > Rule},
  urldate      = {2019-11-01},
  owner        = {Geraldo Xexéo},
  timestamp    = {2021-06-29},
}

@Online{B23,
  author      = {Pauline Woods-Wilson},
  date        = {2003},
  title       = {S930 Business Engineering with ERP Solutions: Lecture 2 Process Modeling for ERPs},
  url         = {https://web.archive.org/web/20040504111417/http://www.soi.city.ac.uk/~pauline/S930MScLecture3-implementation.ppt},
  note        = {Disponível na Wayback Machine},
  urldate     = {2003-12-01},
  institution = {Department of Computing, School of Informatics, City University},
  location    = {London},
  owner       = {Geraldo Xexéo},
  timestamp   = {2021-06-29},
}

@Online{smart_variations,
  author    = {{Kevin L}},
  date      = {2016},
  title     = {{SMART} Killer Project Management in just Five Steps},
  url       = {http://trustteck.com/smart-killer-project-management/},
  urldate   = {2019-12-30},
  owner     = {Geraldo Xexéo},
  publisher = {TrustTeck},
  timestamp = {2021-06-29},
}

@Online{cd:zins,
  author    = {Zins, Chaim},
  date      = {2012},
  title     = {Critical Delphi Research Methodology},
  url       = {http://www.success.co.il/critical-delphi.html},
  urldate   = {2019-12-31},
  owner     = {Geraldo Xexéo},
  timestamp = {2021-06-29},
}

@Online{5w2h:origem:1,
  author    = {Alex Fedotov},
  date      = {2019-02-22},
  title     = {Septem Circumstantiae, five W's and H or 'six serving-men'},
  url       = {https://alxfed.github.io/blog/posts/2019/02/22/Septem-Circumstantiae.html},
  urldate   = {2020-01-08},
  day       = {22},
  owner     = {Geraldo Xexéo},
  timestamp = {2021-06-29},
}

@Online{userstory:coined,
  author    = {Kent Beck and Alistair Cockburn and others},
  date      = {2014-11-10},
  title     = {User Story And Use Case Comparison},
  url       = {http://wiki.c2.com/?UserStoryAndUseCaseComparison},
  urldate   = {2020-01-13},
  day       = {10},
  owner     = {Geraldo Xexéo},
  timestamp = {2021-06-29},
}

@Online{userstory:def:c2,
  author    = {Kent Beck and Martha Roden and others},
  date      = {2014-01-08},
  title     = {User Story},
  url       = {http://wiki.c2.com/?UserStory},
  urldate   = {2020-01-13},
  day       = {8},
  owner     = {Geraldo Xexéo},
  timestamp = {2021-06-29},
}

@Online{userstory:c2:template,
  author    = {Dan North},
  date      = {2013-11-16},
  title     = {User Story Template},
  url       = {http://wiki.c2.com/?UserStoryTemplate},
  urldate   = {2020-01-13},
  day       = {16},
  owner     = {Geraldo Xexéo},
  timestamp = {2021-06-29},
}

@Online{ron:card:conversarion:concept,
  author    = {Ron Jeffries},
  date      = {2001-08-30},
  title     = {Essential XP: Card, Conversation, Confirmation},
  url       = {https://ronjeffries.com/xprog/articles/expcardconversationconfirmation/},
  urldate   = {2020-01-13},
  day       = {30},
  owner     = {Geraldo Xexéo},
  timestamp = {2021-06-29},
}

@Online{us:invest:wake,
  author    = {Bill Wake},
  date      = {2003-08-17},
  title     = {INVEST in Good Stories, and SMART Tasks},
  url       = {https://xp123.com/articles/invest-in-good-stories-and-smart-tasks/},
  urldate   = {2020-01-14},
  day       = {17},
  owner     = {Geraldo Xexéo},
  timestamp = {2021-06-29},
}

@Online{us:invest:wake:indep,
  author    = {Bill Wake},
  date      = {2012-02-08},
  title     = {Independent Stories in the INVEST Model},
  url       = {https://xp123.com/articles/independent-stories-in-the-invest-model/},
  urldate   = {2020-01-14},
  day       = {8},
  owner     = {Geraldo Xexéo},
  timestamp = {2021-06-29},
}

@Online{hello:world,
  author    = {Wolfram Rösler},
  date      = {1994},
  title     = {The Hello World Collection},
  url       = {http://helloworldcollection.de/},
  urldate   = {2020-01-15},
  day       = {3},
  moth      = {10},
  owner     = {Geraldo Xexéo},
  timestamp = {2021-06-29},
}

@Online{site:rdb:advworks,
  author    = {Jan Motl},
  date      = {2019},
  title     = {AdventureWorks},
  url       = {\url{https://docs.microsoft.com/en-us/sql/samples/adventureworks-install-configure?view=sql-server-ver15}},
  owner     = {Geraldo Xexéo},
  timestamp = {2021-06-29},
}

@Online{infoclutch:2019,
  author       = {Infoclutch},
  date         = {2019},
  title        = {Global DBMS Software Market Share (%)},
  url          = {\url{https://www.infoclutch.com/installed-base/dbms/}},
  organization = {Infoclutch},
  urldate      = {2019-11-02},
  owner        = {Geraldo Xexéo},
  timestamp    = {2021-06-29},
}

@Online{dbengines,
  author       = {{DB-Engines}},
  date         = {2019-11},
  title        = {DB-Engines Ranking},
  url          = {\ufr{https://db-engines.com/en/ranking}},
  organization = {Db-Engines},
  owner        = {Geraldo Xexéo},
  timestamp    = {2021-06-29},
}

@Online{mysql:manual,
  author       = {{Oracle Corporation}},
  date         = {2019-11-02},
  title        = {MySQL 8.0 Reference Manual: Including MySQL NDB Cluster 8.0},
  url          = {\url{https://dev.mysql.com/doc/refman/8.0/en/}},
  note         = {Acessado em 2019-11-02},
  organization = {Oracle Corporation},
  owner        = {Geraldo Xexéo},
  timestamp    = {2021-06-29},
  year         = {2019},
}

@Online{cloudera:2019,
  author       = {Dave Wells and Eav Nahari},
  date         = {2019},
  title        = {Modernizing the Legacy Data Warehousr: What, Why and How},
  url          = {\url{https://www.slideshare.net/cloudera/modernizing-the-legacy-data-warehouse-what-why-and-how-12319}},
  note         = {Acessado em 2019-11-3},
  organization = {Cloudera},
  urldate      = {2019-11-03},
  owner        = {Geraldo Xexéo},
  timestamp    = {2021-06-29},
}

@Online{big12errors,
  author       = {Christiane Soto},
  date         = {2019},
  title        = {12 of the Biggest Spreadsheet Fails in History},
  url          = {\url{12 of the Biggest Spreadsheet Fails in History}},
  note         = {Acessado em 2019-11-04},
  organization = {Oracle Small-to-Medium Business Blog},
  urldate      = {2019-11-04},
  owner        = {Geraldo Xexéo},
  timestamp    = {2021-06-29},
}

@Online{iep:classification,
  author    = {Daniel Parrochia},
  date      = {2020},
  title     = {Classification},
  url       = {https://www.iep.utm.edu/classifi/},
  urldate   = {2020-01-21},
  owner     = {Geraldo Xexéo},
  publisher = {The Internet Encyclopedia of Philosophy},
  timestamp = {2021-06-29},
}

@Online{extra:noticia:10kg,
  author    = {Extra},
  date      = {2019-06-18},
  title     = {Se quer levar mais de 10 quilos, pague, sem problema nenhum', diz Bolsonaro sobre fim do despacho gratuito},
  url       = {https://extra.globo.com/noticias/economia/se-quer-levar-mais-de-10-quilos-pague-sem-problema-nenhum-diz-bolsonaro-sobre-fim-do-despacho-gratuito-23747656.html},
  urldate   = {2020-01-30},
  day       = {18},
  month     = {6},
  owner     = {Geraldo Xexéo},
  timestamp = {2021-06-29},
  year      = {2019},
}

@Online{zdnet:minix:intel,
  author    = {Steven J. {Vaughan-Nichols}},
  date      = {2017-11-07},
  title     = {MINIX: Intel's hidden in-chip operating system},
  url       = {https://www.zdnet.com/article/minix-intels-hidden-in-chip-operating-system/},
  urldate   = {2020-02-02},
  owner     = {Geraldo Xexéo},
  publisher = {ZDNET},
  timestamp = {2021-06-29},
  year      = {2017},
}

@Online{fatto:fp:price,
  author    = {FATTO},
  date      = {2020},
  title     = {Quanto pagar por um ponto de função?},
  url       = {https://docplayer.com.br/13499465-Quanto-pagar-por-um-ponto-de-funcao.html},
  urldate   = {2020-02-02},
  owner     = {Geraldo Xexéo},
  timestamp = {2021-06-29},
}

@Online{Robertons:2003,
  author    = {James Robertson and Suzzane Robertson},
  date      = {2003},
  title     = {Volere Requirements Specification Template},
  url       = {http://www.volere.co.uk/template.doc},
  urldate   = {2003-11-06},
  owner     = {Geraldo Xexéo},
  publisher = {Atlantic System Guild},
  timestamp = {2021-06-29},
}

@Online{priorizations:analysis,
  author    = {Volare},
  date      = {2020},
  title     = {Prioritisation Analysis},
  url       = {https://www.volere.org/prioritisation-analysis/},
  urldate   = {2020-02-24},
  owner     = {Geraldo Xexéo},
  timestamp = {2021-06-29},
}

@Online{kano:moorman,
  author       = {Jan Moorman},
  date         = {2012-10-09},
  title        = {Leveraging the Kano Model for Optimal Results},
  url          = {https://uxmag.com/articles/leveraging-the-kano-model-for-optimal-results},
  note         = {Article No :882},
  organization = {UX Magazine},
  urldate      = {2020-02-08},
  owner        = {Geraldo Xexéo},
  timestamp    = {2021-06-29},
  year         = {2012},
}

@Online{investopedia:irr,
  author       = {Adam Hayes},
  date         = {2019-06-25},
  title        = {Internal Rate of Return – IRR},
  url          = {https://www.investopedia.com/terms/i/irr.asp},
  organization = {Investopedia},
  urldate      = {2020-02-08},
  owner        = {Geraldo Xexéo},
  timestamp    = {2021-06-29},
  year         = {2019},
}

@Online{investopedia:npv,
  author       = {Will Kenton},
  date         = {2019-06-25},
  title        = {Net Present Value (NPV)},
  url          = {https://www.investopedia.com/terms/n/npv.asp},
  organization = {Investopedia},
  urldate      = {2020-02-08},
  owner        = {Geraldo Xexéo},
  timestamp    = {2021-06-29},
  year         = {2019},
}

@Online{value:triangle:blog,
  author       = {BeSeen},
  date         = {2015-08-17},
  title        = {The value triangle – managing customers’ expectations},
  url          = {https://www.beseen-marketing.co.uk/marketing-blog/the-value-triangle},
  organization = {BeSeen},
  urldate      = {2020-02-09},
  owner        = {Geraldo Xexéo},
  timestamp    = {2021-06-29},
  year         = {2015},
}

@Online{elements:interactive,
  author       = {Bain \& Company},
  date         = {2020},
  title        = {Explore the B2B Elements of ValueSM},
  url          = {https://media.bain.com/b2b-eov/index.html#},
  organization = {Bain \& Company},
  urldate      = {2020-02-09},
  owner        = {Geraldo Xexéo},
  timestamp    = {2021-06-29},
}

@Online{qfd:12managers,
  author       = {G. Prananna Kumar},
  date         = {2020},
  title        = {Quality Function Deployment},
  url          = {https://www.12manage.com/methods_akao_quality_function_deployment.html},
  organization = {12 Manage The Executive Fast Track Knowledge Center},
  urldate      = {2020-02-11},
  owner        = {Geraldo Xexéo},
  timestamp    = {2021-06-29},
}

@PhdThesis{belchior_um_1997,
  author      = {Belchior, Arnaldo Dias},
  date        = {1997},
  institution = {Programa de Engenharia de Sistemas e Computação, COPPE/UFRJ},
  title       = {Um Modelo Fuzzy para Avaliação da Qualidade de Software},
  location    = {Rio de Janeiro, Brasil},
  note        = {D.Sc.},
  pagetotal   = {1-185},
  type        = {phdthesis},
  owner       = {Geraldo Xexéo},
  timestamp   = {2021-06-29},
}

@Report{chaos:2015,
  author      = {{The Standish Group}},
  date        = {2015},
  institution = {Standish Group},
  title       = {Chaos Report 2015},
  type        = {Report},
  owner       = {Geraldo Xexéo},
  publisher   = {Standish Group},
  timestamp   = {2021-06-29},
}

@Report{omg:uml:251,
  author      = {OMG},
  date        = {2017-12-05},
  institution = {Object Management Group},
  title       = {OMG\textregistered Unified Modeling Language\textregistered (OMG UML\textregistered)},
  type        = {specification},
  number      = {formal/2017-12-05},
  subtitle    = {version 2.5.1},
  day         = {5},
  owner       = {Geraldo Xexéo},
  publisher   = {Object Management Group, Inc.},
  timestamp   = {2021-06-29},
}

@Report{comptia:2020,
  author      = {CompTIA},
  date        = {2019-11},
  institution = {Computing Technology Industry Association (CompTIA)},
  title       = {CompTIA IT Industry Outlook 2020: Taking the Next Step},
  type        = {Report},
  url         = {https://comptiacdn.azureedge.net/webcontent/docs/default-source/research-reports/comptia-it-industry-outlook-2020.pdf},
  owner       = {Geraldo Xexéo},
  timestamp   = {2021-06-29},
}

@Report{value:history,
  author      = {J. E. King and Michael McLure},
  date        = {2014},
  institution = {The University of Western Australia, Department of Economics},
  title       = {History of the Concept of Value},
  type        = {Discussion Paper},
  number      = {14.06},
  url         = {https://ideas.repec.org/p/uwa/wpaper/14-06.html},
  owner       = {Geraldo Xexéo},
  timestamp   = {2021-06-29},
}

@Report{omg2013bpmn,
  author       = {OMG},
  date         = {2013},
  institution  = {Object Management Group},
  title        = {Business Process Model and Notation (BPMN) Version 2.0.2},
  type         = {Standard},
  url          = {http://www.omg.org/spec/BPMN/2.0},
  day          = {9},
  month        = {1},
  organization = {Object Management Group},
  owner        = {Geraldo Xexéo},
  revision     = {2.0},
  timestamp    = {2021-06-29},
  year         = {2013},
}

@Report{use:case:2,
  author      = {Ivar Jacobson and Ian Spence and Kurt Bittner},
  date        = {2011},
  institution = {Ivar Jacobson International S.A.},
  title       = {Use-Case 2.0},
  type        = {White Paper},
  subtitle    = {The Guide to Succeeding with Use Cases},
  month       = {12},
  owner       = {Geraldo Xexéo},
  timestamp   = {2021-06-29},
  year        = {2011},
}

@Report{cocomo2:manual,
  author    = {Barry Boehm and Chris Abts and Brad Clark ,and Sunita {Devnani-Chulani}},
  date      = {1997},
  title     = {COCOMO II Model Definition Manual version 1.4},
  owner     = {Geraldo Xexéo},
  publisher = {University of Southern California},
  timestamp = {2021-06-29},
}

@Report{sei:sloc,
  author      = {Robert E. Park},
  date        = {1992},
  institution = {Software Engineering Institute, Carnegie Mellon University},
  title       = {Software Size Measurement: A Framework for Counting Source Statements},
  type        = {Technical Report},
  number      = {CMU/SEI-92-TR-020 ESC-TR-92-020},
  url         = {https://resources.sei.cmu.edu/asset_files/TechnicalReport/1992_005_001_16082.pdf},
  urldate     = {2020-01-16},
  month       = {9},
  owner       = {Geraldo Xexéo},
  timestamp   = {2021-06-29},
  year        = {1992},
}

@Report{delphi:1966,
  author      = {Norman Crolee Dalkey},
  date        = {1966},
  institution = {RAND Corporation},
  title       = {Delphi},
  type        = {Technical Report},
  location    = {Santa Monica, California},
  number      = {P-3704},
  url         = {https://www.rand.org/pubs/papers/P3704.html},
  urldate     = {2020-01-16},
  month       = {10},
  owner       = {Geraldo Xexéo},
  timestamp   = {2021-06-29},
  year        = {1966},
}

@Report{delphi:1967,
  author      = {Olaf Helmer-Hirschberg},
  date        = {1967},
  institution = {RAND Corporation},
  title       = {Analysis of the Future: The Delphi Method},
  type        = {Technical Report},
  location    = {Santa Monica, California},
  number      = {P-3558},
  url         = {https://www.rand.org/pubs/papers/P3558.html},
  urldate     = {2020-01-16},
  month       = {3},
  owner       = {Geraldo Xexéo},
  timestamp   = {2021-06-29},
  year        = {1967},
}

@Report{roteiro:metricas:sisp,
  author      = {Brasil},
  date        = {2018},
  institution = {Ministério do Planejamento, Desenvolvimento e Gestão. Secretaria de Tecnologia da Informação e Comunicação - Setic.},
  title       = {Roteiro de Métricas de Software do SISP: versão 2.3},
  type        = {Roteiro},
  version     = {2.3},
  owner       = {Geraldo Xexéo},
  timestamp   = {2021-06-29},
}

@Report{ifpug:FPM:431,
  author      = {IFPUG},
  date        = {2010},
  institution = {International Function Point Users Group},
  title       = {Function Point Counting Practices Manual Release 4.3.1},
  type        = {Standard},
  owner       = {Geraldo Xexéo},
  timestamp   = {2021-06-29},
}

@Report{fips:idef1x,
  author       = {NIST},
  date         = {1993},
  institution  = {National Institute of Standards and Technology},
  title        = {Integration Definition for Information Modeling (IDEF1X)},
  type         = {Federal Information Processing Standards Publication},
  number       = {FIPS PUB 184},
  organization = {Federal Information Processing Standards Publication},
  owner        = {Geraldo Xexéo},
  timestamp    = {2021-06-29},
}

@Report{omg:bmm:1p3,
  author      = {OMG},
  date        = {2015-05-19},
  institution = {Object Management Group},
  title       = {OMG Business Motivation Model},
  type        = {specification},
  number      = {formal/2015-05-19},
  subtitle    = {version 1.3},
  day         = {19},
  owner       = {Geraldo Xexéo},
  publisher   = {Object Management Group, Inc.},
  timestamp   = {2021-06-29},
}

@Report{tricentis:fail,
  author      = {Tricentis},
  date        = {2019},
  institution = {Tricentis},
  title       = {Software FAILS Watch},
  type        = {White Paper},
  version     = {5th Edition},
  owner       = {Geraldo Xexéo},
  timestamp   = {2021-06-29},
}

@Report{hay:biz:rules,
  author      = {Hay, D. and others},
  date        = {2000-07},
  institution = {The Business Rule Group},
  title       = {Defining Business Rules: What they are really?},
  type        = {Final Report},
  editor      = {Hay, D. and Healy, K.A.},
  owner       = {Geraldo Xexéo},
  publisher   = {The Business Rule Group},
  timestamp   = {2021-06-29},
  volume      = {Version 1.3},
}

@Report{omg:sbvbr,
  author      = {OMG},
  date        = {2019-10},
  institution = {Object Management Group - OMG},
  title       = {Semantics of Business Vocabulary and Business Rules},
  type        = {specification},
  number      = {formal/2019-10-02},
  version     = {1.5},
  owner       = {Geraldo Xexéo},
  timestamp   = {2021-06-29},
}

@Report{ross:conceptspeak,
  author       = {Ronald G. Ross},
  date         = {2017},
  institution  = {Business Rule Solutions},
  title        = {How to Define Business Terms in Plain English: A Primer},
  type         = {White Paper},
  subtitle     = {Creating definitions using ConceptSpeak},
  organization = {Business Rules Solutions},
  owner        = {Geraldo Xexéo},
  timestamp    = {2021-06-29},
}

@Report{cmu:issues:rq,
  author      = {Christel, M. and Kand, K.},
  date        = {1992-09},
  institution = {Software Engineering Institute / CMU},
  title       = {Issues in Requirements Elicitation},
  type        = {Technical Report},
  number      = {CMU/SEI-92-TR-012},
  pages       = {80},
  url         = {https://resources.sei.cmu.edu/asset_files/TechnicalReport/1992_005_001_16478.pdf},
  urldate     = {2020-02-24},
  owner       = {Geraldo Xexéo},
  timestamp   = {2021-06-29},
}

@WWW{Facetation:2015,
  author    = {Facetation},
  date      = {2015-05-12},
  title     = {What is the history of the RACI chart?},
  url       = {http://facetation.blogspot.com/2015/05/what-is-history-of-raci-chart.html},
  urldate   = {2020-10-06},
  owner     = {Geraldo Xexéo},
  timestamp = {2021-06-29},
}

@Book{pressman:2019,
  author     = {Pressman, Roger S. and Maxim, Bruce},
  title      = {Software Engineering: A Practitioner's Approach},
  edition    = {9},
  isbn       = {978-1-260-54800-6},
  location   = {New York, {NY}},
  pagetotal  = {976},
  publisher  = {McGraw-Hill},
  owner      = {Geraldo Xexéo},
  shorttitle = {Software Engineering},
  year       = {2019},
}

@Book{anklesaria:2008,
  author    = {Jimmy Anklesaria},
  date      = {2008},
  title     = {Supply Chain Cost Management},
  location  = {New York},
  publisher = {Amacom - American Management Association},
  subtitle  = {The AIM \& DRIVE Process forAchieving Extraordinary Results},
  owner     = {Geraldo Xexéo},
  timestamp = {2021-06-30},
}

@Book{samanez:2010,
  author    = {Carlos Patricio Samanez},
  date      = {2010},
  title     = {Matemática Financeira},
  edition   = {5},
  isbn      = {978-85-7605-799-4},
  location  = {São Paulo},
  publisher = {Person Education},
  owner     = {Geraldo Xexéo},
  timestamp = {2021-06-30},
}

@Book{dalzoto:2015,
  author    = {Dal Zot, Wili and Castro, Manuela Longoni de},
  date      = {2015},
  title     = {Matemática Financeira: fundamentos e aplicações},
  location  = {Porto Alegre},
  pages     = {151},
  publisher = {Bookman},
  owner     = {Geraldo Xexéo},
  timestamp = {2021-07-01},
}

@Book{shlaermeller1999,
  author    = {Shlaer, Sally and Mellor, Stephen J.},
  date      = {1999},
  title     = {Object-Oriented Systems Analysis, Modelling the World in Data},
  keywords  = {{ANALYSIS}, {MODELLING}, {OBJECT}-{ORIENTED}},
  owner     = {Geraldo Xexéo},
  timestamp = {2021-07-07},
}

@Book{Drucker:1974,
  author    = {Peter F. Drucker},
  title     = {agement: Tasks, Responsibilities, Practices.},
  location  = {New York},
  publisher = {Truman Talley Books},
  year      = {1974},
}

@Book{dsdm:2nd,
title = {DSDM: Business Focused Develpment},
editor = {Jennifer Stapleton},
publisher = {DSDM Consortium, Addison Wesley},
year = {2003},
edition = {2},
location = {London}
}

@book{kano:coleman,
    title =     {The Customer-Driven Organization: Employing the Kano Model},
    author =    {Lance B. Coleman Sr.},
    publisher = {Productivity Press},
    year =      {2015},
    edition =   {1},
}

@Book{Almeida:2019,
    title =     {Systems, Procedures And Voting Rules In Context: A Primer For Voting Rule Selection},
    author =    {Adiel Teixeira de Almeida, Danielle Morais, Hannu Nurmi},
    publisher = {Springer},
    year =      {2019},
    series =    {Advances In Group Decision And Negotiation Vol. 9},
}

@Book{Amy:2000,
    title =     {Behind the Ballot Box: A Citizen's Guide to Voting Systems},
    author =    {Douglas J. Amy},
    publisher = {Greenwood Publishing Group},
    year =      {2000}
}

@InBook{Meskanen2006,
  author    = {Meskanen, T and Nurmi, H},
  booktitle = {Mathematics and Democracy. Studies in Choice and Welfare},
  date      = {2006},
  title     = {Distance from Consensus: A Theme and Variations},
  doi       = {10.1007/3-540-35605-3_9},
  editor    = {Simeone B., Pukelsheim F.},
  location  = {Berlin, Heidelberg},
  publisher = {Springer},
  owner     = {Geraldo Xexéo},
}

@Comment{jabref-meta: databaseType:biblatex;}

@Comment{jabref-meta: fileDirectoryLatex-Geraldo Xexéo-Imladris:F:\\Github\\Livros\\Conteudo;}
