@book{osterwalder:2013,
title = {Business Model Generation},
author = {Osterwalder, A. and Pigneur, Y.},
location = {Hoboken, NJ},
publisher = {Wiley},
year={2013}
}

@book{finocchio:2013,
title = {Project Model Canvas: gerenciamento de projetos sem burocracia},
author = {Jos√© {Finocchio Jr.}},
publisher = {Campus, Elsevier},
year = {2013},
location = {Rio de Janeiro}
}

@misc{jacobson:2011:uc2p0,
title = {Use-Case 2.0: The Guide to Succeeding with Use Cases},
author = {Ivar Jacobson and Ian Spence and Kurt Bittner },
date = {2011-12},
publisher = {Ivar Jacobson International}
}

@book{gray:2010,
title = {Gamestorming},
year = {2010},
author = {Dave Gray and Sunni Brown and James Macanufo},
publisher = {O'Reilly}
}

@book{tracy:2015,
title = {Creativity \& Problem Solving},
author = {Brian Tracy},
publisher = {AMACOM},
location = {New York},
year = {2015}
}