% Encoding: UTF-8

@Book{IEEE:SWECOM,
  author    = {{IEEE Computer Society}},
  date      = {2014},
  title     = {Software Engineering Competency Model Version 1.0 SWECOM},
  location  = {New York},
  publisher = {{ IEEE Computer Society}},
  owner     = {Geraldo Xexéo},
  timestamp = {2021-06-26},
}

@Book{ieee_computer_society_guide_2014,
  author     = {{IEEE Computer Society}},
  date       = {2014-01-17},
  title      = {Guide to the Software Engineering Body of Knowledge ({SWEBOK}(R)): Version 3.0},
  edition    = {3 edition},
  editor     = {Bourque, Pierre and Fairley, Richard E.},
  isbn       = {978-0-7695-5166-1},
  pagetotal  = {346},
  publisher  = {{IEEE} Computer Society Press},
  owner      = {Geraldo Xexéo},
  shorttitle = {Guide to the Software Engineering Body of Knowledge ({SWEBOK}(R))},
  timestamp  = {2021-06-26},
}

@Report{ISO:12207:2017,
  author      = {ISO},
  date        = {2017},
  institution = {International Standards Organization},
  title       = {Systems And Software Engineering. Software Life Cycle Processes (British Standard)},
  type        = {Standard},
  number      = {BS ISO/IEC/IEEE 12207:2017},
  owner       = {Geraldo Xexéo},
  publisher   = {British Standards Institution},
  timestamp   = {2021-06-26},
}

@Report{ISO:9126,
  author      = {ISO},
  date        = {2001-06-15},
  institution = {International Standards Organization},
  title       = {Software Engineering -- Product Quality -- Part 1: Quality Model},
  type        = {Standard},
  location    = {Geneva, Switzerland},
  number      = {ISO/IEC 9126-1:2001},
  day         = {15},
  owner       = {Geraldo Xexéo},
  publisher   = {ISO International Standards Organization},
  timestamp   = {2021-06-26},
}

@Report{ISO:33001,
  author      = {ISO},
  date        = {2015-03-01},
  institution = {ISO International Standards Organization},
  title       = {Information technology -- Process assessment -- Concepts and terminology},
  type        = {Standard},
  location    = {Geneva, Switzerland},
  number      = {ISO/IEC 33001},
  day         = {1},
  owner       = {Geraldo Xexéo},
  publisher   = {ISO International Standards Organization},
  timestamp   = {2021-06-26},
}

@Report{ISO:25010:2011,
  author      = {ISO},
  date        = {2011-09},
  institution = {ISO International Standards Organization},
  title       = {Systems and software engineering — Systems and software Quality Requirements and Evaluation (SQuaRE) — System and software quality models},
  type        = {Standard},
  location    = {Geneva, Switzerland},
  number      = {ISO/IEC 25010:2011(en)},
  owner       = {Geraldo Xexéo},
  publisher   = {ISO International Standards Organization},
  timestamp   = {2021-06-26},
}

@Report{ISO:9000:2015,
  author      = {ISO},
  date        = {2015-09-15},
  institution = {ISO International Standards Organization},
  title       = {Quality management systems — Fundamentals and vocabulary},
  type        = {Standard},
  location    = {Geneva, Switzerland},
  number      = {ISO 9000:2015},
  pages       = {51},
  day         = {15},
  owner       = {Geraldo Xexéo},
  publisher   = {ISO International Standards Organization},
  timestamp   = {2021-06-26},
}

@Report{ISO:15504:2004,
  author      = {ISO},
  date        = {2004-11},
  institution = {ISO International Standards Organization},
  title       = {Information technology — Process assessment — Part 1: Concepts and vocabulary},
  type        = {Standard},
  location    = {Geneva, Switzerland},
  number      = {ISO/IEC 15504-1:2004},
  owner       = {Geraldo Xexéo},
  publisher   = {ISO International Standards Organization},
  timestamp   = {2021-06-29},
}

@Report{iso5218,
  author       = {{ISO/IEC}},
  date         = {2004-07},
  institution  = {ISO/IEC},
  title        = {ISO/IEC 5218:2004 Information technology — Codes for the representation of human sexes},
  type         = {Standard},
  number       = {ISO 5218},
  organization = {{ISO/IEC}},
  owner        = {Geraldo Xexéo},
  timestamp    = {2021-06-29},
}

@Report{IEEE:24765:2017,
  author      = {IEEE},
  date        = {2017},
  institution = {ISO/IEC/IEEE},
  title       = {ISO/IEC/IEEE International Standard - Systems and software engineering--Vocabulary},
  type        = {Standard},
  doi         = {10.1109/IEEESTD.2017.8016712},
  number      = {ISO/IEC/IEEE 24765:2017(E)},
  pages       = {1-541},
  year        = {2017},
}

@Report{IEEE:1633:2016,
  author      = {IEEE},
  date        = {2017},
  institution = {IEEE},
  title       = {IEEE Recommended Practice on Software Reliability},
  type        = {Standard},
  location    = {New York},
  number      = {IEEE Std 1633™-2016},
  owner       = {Geraldo Xexéo},
  publisher   = {IEEE Reliability Society},
  timestamp   = {2021-06-30},
}

@Report{IEEE:24765:2010,
  author       = {IEEE},
  date         = {2010-12},
  institution  = {IEEE},
  title        = {ISO/IEC/IEEE International Standard - Systems and software engineering -- Vocabulary},
  type         = {Standard},
  doi          = {10.1109/IEEESTD.2010.5733835},
  number       = {24765:2010(E)},
  pages        = {1-418},
  journaltitle = {ISO/IEC/IEEE 24765:2010(E)},
  owner        = {Geraldo Xexéo},
  timestamp    = {2021-06-30},
}

@Report{IEEE:29148:2018,
  author       = {{IEEE}},
  date         = {2018-11},
  institution  = {IEEE},
  title        = {ISO/IEC/IEEE International Standard - Systems and software engineering -- Life cycle processes -- Requirements engineering},
  type         = {Standard},
  doi          = {10.1109/IEEESTD.2018.8559686},
  number       = {29148:2018},
  pages        = {1-104},
  journaltitle = {ISO/IEC/IEEE 29148:2018(E)},
  owner        = {Geraldo Xexéo},
  timestamp    = {2021-06-30},
}

@Report{IEEE:830:1998,
  author      = {IEEE},
  date        = {1998-06-25},
  institution = {IEEE},
  title       = {Recommended Practice for Software Requirements Specifications},
  type        = {Standard},
  number      = {ISO/IEC/IEEE 830:1998},
  day         = {25},
  owner       = {Geraldo Xexéo},
  timestamp   = {2021-06-30},
}

@Comment{jabref-meta: databaseType:biblatex;}
